2984 5042
201 340 242 407 14
521 345 568 405 De
591 347 711 408 dialecto
734 347 899 405 Herodutea
922 345 967 404 lib.
991 342 1012 404 I.

198 514 266 574 Μαι.
290 530 392 574 novam
414 515 558 575 attulerint
579 514 731 587 medelam,
757 513 872 572 resarcit
907 514 1032 592 possIntJ
1056 528 1227 591 quamquam
1251 517 1353 592 cuique
1431 567 1435 574 ,
1464 513 1475 580 '53

199 599 269 659 his
260 619 290 657 ιιι
312 599 421 657 damnis
444 600 624 658 sarciendis
617 601 765 674 ingenium
779 616 911 656 exercere
938 599 1038 657 iicebit.
1153 629 1155 634 ·

283 683 337 741 Est
357 689 449 744 autent
481 684 543 742 talis
572 684 671 741 lacuna
704 681 726 740 l.
753 685 818 742 167.
844 685 905 742 crdo
935 679 968 744 δὲ
996 679 1242 762 διαφθαρεισέων
1269 687 1352 744 ccciv
1469 681 1477 713 ³

200 763 272 840 toric
292 763 468 872 666qu
434 791 465 830 οι
490 785 521 828 τε
548 761 757 848 Καρχηδόνιοι
783 762 836 825 καὶ
864 766 896 826 oi
927 768 1083 867 Ῥυρσηνοὶ
1093 808 1256 829 ...........
1283 765 1351 828 ilc-

199 846 257 931 Jo'v
278 871 310 912 τε
332 846 433 912 actiacis·
458 855 558 934 πολλῷ
575 855 713 924 πλείους,
736 849 787 910 καὶ
801 842 930 922 τούτους
946 846 1142 932 ἐξαγαγόντες
1157 849 1348 912 κατέλευσαι.
1468 881 1477 897 ν

200 936 322 993 Verbum
345 935 463 1008 finitum,
486 937 565 1011 quod
587 937 708 1012 dicitur,
728 935 765 992 ad
788 929 993 1013 Καρχηδόνιοι
1021 943 1050 994 et
1080 933 1233 1015 Τυρσηνοὶ
1261 938 1350 1012 perti-
1468 928 1476 1000 3,

199 1037 277 1094 nens,
297 1015 467 1100 ἐζώγρησαν
491 1021 536 1077 vel
557 1021 645 1078 ιὶιιιίιε
665 1019 734 1124 quid
756 1018 890 1076 excidisse
910 1026 1007 1098 patet3
1030 1021 1080 1078 sed
1102 1025 1247 1096 praeterea
1263 1021 1349 1078 etiarn
1475 1063 1477 1068 ι

199 1104 352 1202 subjectum
377 1103 455 1162 verbi
479 1103 595 1182 ἔλαχον,
618 1104 651 1164 οἱ
670 1101 703 1164 δὲ
725 1095 910 1181 Ἀγυλλαῖοιι
940 1105 988 1178 qui
1011 1101 1140 1180 Agyllaei
1167 1108 1243 1161 sorte
1267 1121 1375 1172 acco,

198 1189 274 1267 pisse
294 1189 382 1263 longe
402 1188 537 1265 plurimos
566 1188 693 1264 captivos
720 1187 817 1245 hostes
845 1187 986 1248 dicuntur.
1037 1188 1134 1256 Quare
1160 1205 1248 1262 quum
1274 1203 1350 1246 non-

198 1276 266 1330 ‹lunr
289 1273 337 1348 qui
363 1273 467 1329 luerint
486 1271 524 1328 illi
544 1267 670 1348 Agyllaei
692 1271 825 1328 certiores
848 1290 900 1329 nos
927 1272 993 1330 sacti
1015 1273 1116 1344 simus,
1139 1271 1305 1330 Herodotus
1332 1290 1349 1330 e

201 1375 278 1414 more
299 1375 353 1413 sno
378 1356 415 1412 de
436 1354 478 1413 his
498 1357 640 1430 quaedam
659 1363 800 1430 'narrasse,
823 1359 853 1412 et
875 1355 988 1430 dixisse,
1010 1355 1174 1432 Tyrrhenos
1197 1356 1234 1414 de
1257 1357 1349 1434 capti-

199 1442 240 1498 vis
262 1440 378 1496 sortitos
402 1456 474 1514 esse,
496 1440 634 1515 simulque
656 1440 817 1512 addidisse,
839 1441 985 1514 quomodo
1007 1439 1193 1498 CarchedoniI
1221 1441 1348 1518 captivos
1474 1455 1477 1486 ι

198 1541 266 1581 suos
290 1523 495 1596 tractavissent,
519 1525 676 1583 necessario
699 1481 842 1602 putaudhs
864 1530 916 1582 est.

283 1605 323 1664 Et
351 1607 432 1665 slmili
459 1610 546 1666 ιιιοιιο
575 1615 669 1668 textus
696 1617 739 1667 est
766 1609 937 1712 interruptpo
965 1605 1002 1665 V.
1031 1613 1079 1666 57.
1111 1603 1144 1668 ἐκ
1170 1603 1204 1668 δὲ
1233 1603 1349 1686 ταύτης

199 1693 253 1769 τῆς
273 1684 434 1770 Ἀρμενίης
455 1686 631 1772 testationi
652 1689 752 1771 ἔςτην
767 1688 932 1795 Μρτιηνην
957 1693 1017 1770 γῆν
1041 1692 1176 1791 σταθμοί
1198 1691 1257 1753 εἶσι
1283 1690 1347 1754 cto·

199 1795 281 1856 σερες
295 1816 467 1835 ············
490 1777 523 1838 tu
546 1775 583 1838 δὲ
599 1773 710 1854 ταύτης
732 1777 762 1848 ἐς
783 1797 839 1852 την
861 1776 992 1854 Κισσίην
1013 1768 1117 1852 χιδρην
1136 1777 1348 1854 μεταβαίνοντι

199 1858 308 1922 ἕνδεκα
331 1861 471 1940 σταθμοί
517 1861 547 1919 lu
569 1864 689 1920 eandem
709 1862 783 1919 hanc
813 1859 939 1918 lacunam
961 1859 1092 1937 explendi
1115 1861 1286 1918 rationem
1278 1861 1346 1918 ruci

199 1945 305 2016 demur,
332 1963 416 2019 quam
437 1944 495 2020 jam
517 1947 554 2004 de
575 1946 602 2004 la
623 1947 720 2016 Barce,
745 1944 931 2021 apudGallos
952 1946 1066 2002 doctum
1090 1943 1189 2016 virum,
1212 1945 1295 2002 sibi
1287 1964 1346 2004 rne-

199 2030 305 2086 undam
327 2047 389 2086 esse
412 2031 536 2087 duxisse
547 2051 621 2088 nunc
645 2031 703 2088 uidi
729 2029 778 2102 (cf.
805 2028 893 2087 head.
916 2030 966 2087 des
995 2027 1123 2106 Inscript.
1154 2029 1190 2086 Τ.
1213 2027 1291 2086 VIII.
1318 2049 1345 2108 p.

92 2137 97 2148 *
199 2117 252 2170 343
274 2118 304 2168 et
328 2112 439 2169 Baehrii
467 2112 536 2171 Not.
559 2117 597 2172 ud
622 2119 749 2172 nostrum
778 2111 1143 2216 locuq).1sentmpost
1166 2131 1263 2214 rocem
1285 2113 1347 2174 τέσ·

200 2213 283 2274 capte
309 2196 450 2273 supplerit
472 2197 524 2257 καὶ
545 2219 725 2275 τριηκοντα,
749 2190 939 2276 παρασάγγαι
958 2193 991 2257 δὲ
1013 2192 1088 2256 διττοὶ
1110 2194 1162 2255 stoi
1183 2192 1346 2277 τριήκοντα

198 2276 251 2340 καὶ
279 2277 397 2340 ἑκατόν.
449 2280 515 2348 Qua
533 2283 646 2356 quidem
671 2281 780 2340 ratione
808 2279 994 2339 Matienomm
1023 2280 1094 2339 fines
1120 2281 1208 2340 multo
1235 2281 1346 2358 longius

199 2382 284 2439 quam
312 2364 331 2420 ii
351 2365 438 2439 vulgo
464 2367 618 2424 creduntur
638 2372 869 2464 promoveantur,
885 2385 977 2442 neque
998 2369 1093 2422 tamen
1117 2365 1189 2424 ultra
1219 2368 1345 2438 modum,

199 2457 231 2506 ut
261 2447 418 2507 Larcherus
451 2450 639 2526 reprehendit.
696 2450 791 2518 Quum
826 2453 897 2508 enim
926 2469 960 2508 ex
993 2449 1183 2528 descriptione
1205 2414 1346 2508 Herodoti

198 2531 306 2610 Halyos
332 2535 409 2591 fluvii
432 2536 544 2594 accolae
569 2537 672 2596 ιιιειίιιι
697 2536 813 2594 Matieni
846 2535 883 2613 (I.
911 2536 972 2610 77),
1001 2551 1036 2592 ex
1064 2551 1216 2608 eorumque
1245 2533 1347 2592 finibus

200 2617 320 2693 Gyndes
352 2625 382 2677 et
409 2617 519 2679 Araxes
546 2623 661 2678 flumina
691 2624 834 2700 profluant
859 2619 896 2692 (l.
923 2621 983 2690 189,
1012 2617 1079 2694 707)
1109 2626 1138 2676 et
1164 2618 1296 2676 contiuuo
1328 2637 1347 2674 a

200 2702 298 2758 Cissiis
322 2703 395 2758 circa
417 2703 491 2759 Susa
514 2704 612 2760 urbem
627 2703 818 2760 habitantibus
842 2702 1017 2777 excipiantur
1047 2701 1097 2775 (V.
1121 2705 1157 2761 49
1179 2709 1207 2760 ει
1228 2699 1343 2776 Dionys.

199 2784 309 2857 Perieg.
333 2801 373 2844 vs.
399 2789 450 2839 100
483 2785 580 2856 sqq.)·,
602 2801 695 2857 neque
717 2787 753 2841 ad
777 2785 846 2840 alius
874 2785 971 2860 populi
1000 2784 1070 2842 fines
1100 2803 1184 2860 quarn
1205 2784 1346 2842 hlatieno-

198 2885 262 2924 rum
274 2865 359 2923 verba
370 2865 416 2922 illa
428 2866 523 2923 statim
534 2871 601 2943 post
617 2866 744 2924 lacunam
764 2869 857 2944 posita
876 2867 909 2928 ἐκ
925 2865 959 2928 di
978 2863 1088 2944 ταύτης
1105 2870 1202 2927 reterri
1218 2871 1347 2947 possunt,

199 2969 253 3009 neo
262 2949 369 3007 numeri
380 2949 426 3005 isti
442 2965 494 3026 pro
506 2954 587 3007 tauto
599 2957 736 3008 terrarum
749 2958 840 3008 tractu
852 2950 932 3007 nimis
944 2951 1039 3026 magni
1050 2949 1114 3008 mibi
1130 2969 1192 3009 esse
1206 2953 1348 3030 videntur,
1461 3020 1466 3031 Ι

199 3051 287 3110 quum
305 3032 399 3091 similis
416 3032 521 3090 itineris
539 3032 688 3109 longitudo
711 3053 762 3112 per
779 3035 991 3112 Cappadociam
1007 3033 1176 3111 porrigentis
1201 3035 1350 3092 duodetri-

198 3119 278 3194 ginta
303 3118 463 3176 mansiones
481 3123 520 3174 ct
546 3126 656 3177 centum
680 3125 814 3193 quattuor
832 3135 1005 3196 parasangas
1025 3113 1181 3216 Implevisse
1208 3116 1348 3178 tradatur.

284 3203 417 3262 Tertius
435 3201 512 3259 locus
548 3210 591 3260 est
624 3201 685 3260 Vll.
715 3205 764 3263 76:
800 3203 942 3283 Θρηΐκοιν
975 3197 1008 3262 δὲ
1039 3201 1100 3258 τῶν
1134 3197 1168 3261 ἐν
1199 3221 1243 3303 ιη
1263 3193 1348 3284 Ἀσιή

186 3277 271 3368 ,ἦρχε
304 3283 467 3364 Βασσαιιης
504 3282 523 3347 6
553 3281 743 3367 Ἀρταβανου
755 3327 959 3345 ..............
984 3278 1115 3355 ασπίδας
1154 3279 1188 3344 δὲ
1218 3277 1349 3364 ω’μοβοΐ·

199 3394 256 3443 νας
293 3365 374 3449 εἶχον
410 3389 546 3450 σμικρας.
603 3371 753 3439 Quaeritur
786 3370 847 3441 hic,
885 3368 962 3444 cujus
1001 3366 1095 3445 gentis
1127 3367 1164 3426 ab
1197 3367 1347 3427 Herodoto

197 3453 275 3514 haud
297 3455 418 3513 obscure
440 3456 592 3514 denotatae
615 3474 716 3514 nomen
742 3455 890 3526 exciderit;
918 3471 1011 3528 neque
1043 3452 1126 3510 valde
1151 3466 1295 3530 repugno,
1323 3455 1346 3510 si

200 3538 248 3616 qui
273 3539 432 3617 Chalybum
458 3546 571 3614 gentem
592 3541 646 3598 hoc
674 3541 736 3598 loco
764 3537 973 3614 iutelligenclarn
1003 3555 1064 3596 esse
1093 3541 1234 3610 statuant,
1260 3553 1347 3611 quurn

197 3630 227 3682 et
251 3617 336 3696 ordo,
360 3641 418 3720 quo
440 3623 547 3682 Herod.
573 3623 594 3682 1.
616 3629 652 3683 78
674 3623 794 3702 populus
822 3641 840 3680 a
864 3623 971 3680 Croeso
1002 3623 1132 3681 subactos
1164 3580 1347 3690 euurheravit,

200 3713 230 3765 et
251 3721 325 3780 quae
349 3725 366 3764 a
372 3699 530 3765 “Rittero
522 3727 550 3766 ιιι
573 3705 681 3784 Gcogr.
706 3707 742 3766 Il.
759 3727 788 3784 p.
811 3710 862 3766 793
884 3711 913 3764 et
937 3705 1153 3782 aBernhardyo
1175 3705 1213 3762 ad
1228 3703 1345 3779 Dionys.

199 3789 309 3864 Perieg.
335 3810 363 3868 p.
382 3793 433 3850 736
458 3810 532 3869 sqq,
554 3792 620 3848 viris
646 3793 771 3870 summis,
799 3793 942 3868 disputata
968 3796 1049 3867 sunt,
1077 3791 1150 3848 hanc
1180 3789 1345 3846 sententiam
1471 3843 1472 3858 J

199 3873 265 3934 mihi
292 3874 457 3934 confirmare
483 3876 641 3950 videantur.
690 3875 736 3936 De
767 3875 810 3936 his
839 3874 999 3951 Chalylibus
1027 3875 1091 3931 vide
1118 3878 1263 3950 praeterea
1286 3872 1345 3930 Xe-

200 3957 288 4036 noph.
305 3956 397 4017 Anah.
415 3957 463 4016 IV
480 3962 507 4032 7,
527 3966 569 4037 16,
590 3960 625 4018 V.
645 3967 673 4037 6,
693 3964 726 4020 17
744 3979 807 4019 oum
823 3961 975 4036 Interppr„
986 3957 1146 4018 Blomfield.
1166 3953 1345 4032 adAesohyl.

147 4069 149 4073 ·
198 4040 339 4102 Prometh.
351 4061 391 4102 va.
405 4045 466 4115 775,
478 4045 539 4117 734,
551 4045 615 4120 740,
625 4046 662 4104 ad
674 4046 752 4124 Sept
773 4051 822 4104 etr.
835 4045 927 4103 Theb.
945 4061 986 4103 vs
1009 4047 1081 4116 776,
1100 4040 1232 4116 Apollou.
1249 4039 1344 4098 Rhod.

198 4126 306 4204 Argon
321 4127 356 4187 ll.
368 4147 409 4186 vs.
428 4133 495 4187 1001
513 4142 575 4203 sqq.
596 4129 689 4187 Schol.
708 4138 736 4189 et
752 4128 891 4227 Ipterppr.
911 4128 948 4183 ad
964 4127 1051 4184 Hom.
1069 4125 1103 4182 Jl.
1121 4125 1156 4182 ll.
1170 4128 1230 4184 856.
1247 4121 1282 4184 V.
1300 4127 1344 4182 39.

245 4209 432 4272 Praeterea
456 4217 486 4271 et
506 4210 566 4287 ejus
588 4232 700 4286 nomen,
726 4213 775 4289 qui
796 4212 838 4270 his
861 4210 1033 4288 Chalybibus
1054 4209 1222 4287 imperabat,
1244 4207 1346 4280 aliquIs

198 4294 298 4353 merito
325 4297 532 4356 desideraverit.
580 4298 641 4355 Sed
669 4297 764 4357 etalii
786 4302 895 4355 veteres
923 4294 1096 4371 grammatici
1126 4299 1156 4352 et
1178 4291 1346 4350 Eustathius

200 4376 253 4453 (ad
275 4375 393 4456 Dionys,
416 4379 477 4443 Per.
502 4399 545 4442 ιι.
571 4383 630 4442 793.
663 4376 823 4463 Ἡρόδοτος
847 4377 881 4442 δὲ
902 4379 996 4461 λέγει,
1024 4379 1147 4462 Θρᾷκας
1180 4369 1348 4454 διαβαντας
