3002 5028
213 305 278 372 asa
449 321 453 334 ·
528 305 576 366 uo
594 283 716 368 οιοια.
736 305 902 371 neocaes
920 305 972 372 ιο.
991 269 1062 368 1v.'

212 479 280 548 licet
299 495 357 536 non
377 475 485 534 axillis
506 473 615 551 solum,
634 475 721 534 modo
741 474 852 550 allatis,-
872 475 944 534 locis
964 493 1030 534 esse
1051 474 1203 552 quosdam,
1225 475 1254 533 in
1273 494 1353 553 qnos

212 561 258 622 elii
279 561 385 620 librarii
405 558 524 618 alteram
550 553 669 618 somni
690 559 868 628 invexerint,
893 559 945 618 sed
972 559 1185 632 allomeris,
1215 559 1264 616 ubi
1285 559 1353 617 vul-

211 647 289 724 gnris
310 647 402 705 forna
421 643 538 719 vulgata
558 650 612 706 est.
654 643 741 712 Quod
762 649 915 720 utrumque
935 643 1020 702 etiam
1042 649 1087 702 est
1116 643 1229 700 factum.
1272 644 1351 702 Nam

210 729 237 790 1.
248 735 282 791 15
301 747 355 808 pro
377 726 494 804 vulgato
512 745 574 786 cum
588 727 722 789 coddll.
733 729 771 792 R.
783 725 817 790 F.
833 746 861 786 a.
876 748 901 786 c.
924 718 1068 788 ἀπικέατο
1085 725 1178 785 attulit
1189 727 1270 788 Suid.
1283 747 1309 789 s.
1320 745 1349 789 r.

212 809 315 895 stich
343 805 505 883 οέπέκοιτο,
535 811 613 889 quod
635 818 681 871 est
703 812 732 870 in
753 812 838 870 codd.
858 813 889 874 8,
914 811 948 874 V.
970 811 998 870 b.
1018 811 1051 874 d.·
1074 829 1101 868 e.
1135 803 1350 874 Liciniano

209 897 288 973 vulg.
309 916 373 957 cura
394 895 437 958 Μ,
459 894 494 958 V.
513 895 545 958 F.
577 916 622 972 pr.
650 915 687 957 ιο.
715 889 886 971 (doleam
909 895 945 954 F.
975 913 1014 953 ιιι.
1035 893 1116 970 sec.)
1142 887 1291 957 ἆπέκοκτο
1316 895 1350 954 8.

209 1001 237 1042 a.
260 981 288 1040 b.
311 1000 336 1045 c.
359 981 389 1042 d.
412 999 440 1039 e.
459 979 505 1038 ci..
519 985 549 1040 et
568 979 637 1040 Var.
658 977 754 1046 Lectt.
775 981 813 1038 ad
835 979 858 1038 l.
876 983 921 1039 67.
945 985 1003 1040 til.
1025 984 1086 1040 314.
1109 977 1172 1041 Vll.
1194 982 1256 1042 tlt.
1286 979 1350 1040 sed

209 1083 304 1143 neque
324 1065 353 1124 ln
374 1063 419 1124 lais
438 1061 511 1124 locis
535 1064 692 1140 quidquam
712 1081 766 1124 nos
794 1065 891 1140 cogit,
916 1070 947 1122 ut
969 1062 1131 1140 evulgatis
1151 1063 1348 1138 discedamus,

209 1167 304 1226 οεοοτ
323 1150 353 1208 in
371 1148 453 1221 aliis,
482 1147 529 1207 ubi
550 1145 722 1207 Scluaelerns
742 1147 912 1225 plerumque
933 1147 995 1206 siue
1017 1146 1153 1206 librorum
1175 1139 1348 1208 anctoritate

209 1235 329 1293 έοτιιιαιιι
350 1233 379 1294 in
397 1231 451 1297 {a}
480 1238 628 1292 exeuntem
649 1232 777 1311 recepit:
810 1230 871 1294 l.l
905 1223 1053 1293 α’πέκοιτο
1079 1230 1186 1306 vulget.
1216 1223 1347 1293 ιιίτέκιιτο

209 1315 324 1380 sisset
356 1322 390 1378 61
409 1309 540 1396 Ἀργεῖοι
557 1309 705 1378 cinisum
725 1309 955 1393 wigiciseus
978 1316 1058 1376 solus
1078 1315 1195 1378 Schuel'.
1218 1321 1252 1376 61
1270 1311 1345 1378 dut-

208 1423 298 1464 κοντο
319 1395 418 1464 vision
437 1400 514 1476 vulg.
534 1394 679 1461 ἀπικέατο
688 1399 803 1461 8τΙιιιεέ.
823 1399 896 1464 lbid.
916 1394 1075 1462 insitione
1098 1398 1174 1476 vulg.
1193 1398 1346 1463 έκτιθέατο

208 1485 335 1560 Sabaei,
356 1485 424 1544 item
444 1484 466 1546 l.
488 1490 533 1544 83.
555 1515 598 1528 -
616 1485 722 1561 Neque
742 1484 826 1542 ullam
843 1485 932 1542 inisse
952 1503 1079 1558 cucusam,
1101 1503 1153 1541 cur
1172 1483 1216 1541 luis
1237 1485 1266 1542 in
1286 1483 1349 1542 for-

208 1570 263 1628 mis
283 1575 467 1646 augmentum
499 1567 658 1645 temporale
691 1569 888 1642 omitteretur,
919 1570 971 1626 aed
1004 1562 1144 1646 η’ρτέαται
1164 1568 1348 1634 scribendum

209 1673 292 1726 esse,
324 1647 502 1732 η’πιοέέατο,
536 1649 690 1730 οέρμέατο,
723 1650 872 1732 οέρμέαται
893 1651 1076 1729 (quamquam
1096 1652 1175 1736 Ernst.
1196 1653 1232 1709 ad
1254 1651 1287 1714 ll.
1308 1647 1347 1730 β’

208 1757 236 1816 p.
247 1741 407 1797 lit-:ast
420 1738 507 1796 dixit:
528 1733 691 1816 Ἡρόδοτος
705 1733 737 1798 δέ
754 1736 806 1798 καὶ
820 1732 1037 1816 στρατεύεσθαι
1050 1733 1190 1814 ὁρμέαται
1200 1733 1247 1795 soi
1260 1732 1344 1814 α’γω·

208 1822 338 1894 viduos,
357 1823 406 1880 ubi
417 1827 497 1898 patet
510 1840 567 1879 non
585 1822 621 1879 de
636 1816 789 1897 augmento
806 1822 884 1880 illurn
897 1815 1005 1897 egisse)
1022 1827 1083 1894 jam
1099 1839 1183 1898 supra
1205 1820 1339 1882 vidimus.

293 1907 352 1963 Sed
370 1907 427 1982 jam
450 1905 521 1966 satis
540 1906 665 1982 antiquis
686 1905 862 1984 temporibus
884 1905 956 1963 hauc
977 1906 1093 1984 pluralis
1112 1905 1229 1962 numeri
1239 1905 1342 1962 termi-

206 1989 356 2048 nationem
372 1991 458 2048 etiam
476 2010 530 2066 pro
549 1989 683 2066 singulari
698 1991 825 2065 abusive,
847 1997 877 2047 ut
886 1991 927 2048 ita
943 1991 1047 2064 dicam,
1069 1990 1199 2066 nsrsrpari
1211 1994 1346 2065 coeptam

207 2091 288 2143 esse,
321 2073 428 2131 docent
455 2073 563 2132 scholia
586 2073 683 2148 Hom..
699 2067 760 2132 'ubi
788 2074 965 2150 grammatici
986 2073 1153 2152 Euphorion
1175 2073 1226 2140 (ad
1247 2073 1279 2132 ll.
1302 2064 1346 2149 ψ’

207 2154 274 2229 179)
306 2162 336 2214 et
357 2157 526 2214 Zenodotus
552 2155 610 2233 (ad
632 2157 664 2216 ll.
686 2151 722 2216 π’
753 2177 796 2220 vs.
813 2157 887 2234 243)
911 2158 1127 2236 vituperantur,
1155 2175 1276 2234 quorurn
1298 2155 1345 2215 ille

207 2240 415 2318 φλεγεθοίατο,
437 2243 469 2296 ut
491 2238 628 2312 singulari
650 2259 780 2316 numero,
802 2261 870 2298 usus
893 2241 940 2317 sit,
961 2243 1006 2304 luic
1027 2260 1080 2320 pro
1102 2239 1258 2318 έπέστηται
1278 2240 1345 2304 έπε-

207 2321 325 2387 στέαται
346 2323 473 2381 scribere
493 2322 641 2392 maluerit3
666 2324 771 2383 docent
792 2326 1136 2403 singulaagrarnmaticis
1157 2328 1305 2385 veteribus
1327 2343 1344 2384 e

205 2408 302 2489 poetis
318 2407 442 2484 ejusdem
455 2403 663 2467 Alexandrinae
686 2410 939 2488 aetatisexempla
958 2411 1054 2486 allata,
1077 2409 1113 2474 τέ,
1127 2411 1234 2472 dnecd.
1248 2412 1344 2468 Crem.

205 2491 231 2567 l,
252 2495 315 2552 373.
337 2492 460 2568 Etymol.
480 2491 557 2567 Mag.
579 2495 642 2566 633,
663 2498 709 2567 30,
731 2494 779 2553 ubi
801 2513 836 2554 εκ
858 2495 966 2559 Gallim.
987 2496 1132 2575 παρεέατο
1153 2488 1270 2574 κούρη,
1292 2494 1342 2572 qui

205 2577 279 2637 idem
299 2577 488 2638 Callimachus
509 2577 597 2652 Frag.
618 2577 731 2636 XXXll
763 2575 937 2656 δειδέχαται·
953 2599 1008 2660 pro
1038 2580 1173 2656 singulari
1194 2580 1343 2657 usurpavit

206 2663 257 2740 (cl.
280 2660 357 2726 Lob.
379 2663 544 2722 adlinitur.
566 2659 603 2734 ll,
625 2683 656 2742 p.
676 2669 694 2723 8
715 2670 743 2722 et
764 2685 793 2744 p.
805 2665 892 2742 133).
935 2663 1083 2742 Simulque
1103 2672 1197 2722 tamen
1219 2665 1343 2740 conjicio

204 2754 273 2806 ante
294 2746 364 2805 lusec
386 2747 642 2806 Alexandrinorum
668 2754 800 2826 ternpore
821 2767 878 2808 uon
898 2745 1060 2826 geuuirlarn
1074 2767 1152 2824 esse,
1170 2748 1218 2807 nbi
1234 2747 1344 2808 nostrin

204 2830 233 2888 in
255 2829 403 2888 codicibus
423 2831 595 2912 inveniatur,
617 2831 689 2891 hanc
710 2833 862 2910 singularis
879 2835 988 2892 numeri
1007 2834 1136 2904 formam,
1159 2851 1251 2910 neque
1264 2832 1344 2911 apud

204 2911 409 2989 Hippocratem
426 2915 477 2989 (cl.
489 2915 575 2972 Foes·
587 2915 660 2975 Oec.
672 2917 758 2994 llipp.
780 2939 805 2980 s.
823 2937 869 2982 vv.
887 2912 1042 2998 εἰρύεσθαι
1063 2925 1094 2976 et
1115 2912 1242 2995 ἐξαρύω,
1265 2916 1342 2980 Lob.

203 2997 241 3054 ad
264 2996 369 3058 Buttm.
391 2995 420 3058 ll.
442 2997 470 3056 ll.
514 2997 618 3060 Matri.
641 3019 684 3075 gr.
708 3021 751 3077 gr.
771 3003 802 3078 l,
832 3025 861 3081 p.
881 3009 951 3079 465,
982 3002 1028 3061 ubi
1050 3001 1116 3060 hiric
1138 3000 1267 3080 sipiritus
1287 3021 1342 3080 pro

205 3079 321 3157 εἴρηται
338 3081 376 3138 ab
392 3080 566 3156 Hippocrate
585 3085 710 3159 positum
730 3105 797 3148 esse
815 3088 941 3164 videtur)
961 3099 1059 3164 neque
1073 3084 1150 3165 apud
1162 3087 1343 3146 Herodotum

203 3163 308 3232 diutius
340 3165 487 3222 ferendam
517 3183 590 3225 esse.
640 3165 678 3224 Et
708 3187 743 3226 ex
776 3173 982 3231 recentioribus
1014 3171 1156 3231 Herodoti
1182 3172 1342 3230 editoribus

203 3247 320 3324 qnidam
349 3246 484 3306 nonnulla
506 3248 666 3325 hujusmodi
696 3253 766 3311 vitia
783 3256 843 3331 jaun
862 3255 1046 3342 expulerunt,
1066 3258 1122 3314 sed
1144 3265 1253 3315 restant
1275 3257 1342 3338 alia.

203 3332 228 3392 1.
248 3339 297 3393 151
321 3333 375 3413 ρέα
400 3331 527 3397 οἰκέεται
544 3329 633 3408 πόλις
653 3355 729 3396 nunc
753 3347 832 3398 recte
853 3341 957 3417 vulgat.
977 3339 1111 3403 olriccus
1130 3341 1194 3404 ΔΜ.
1214 3339 1252 3400 al.
1276 3361 1341 3400 cum

202 3419 269 3476 cod.
290 3437 314 3482 c.
336 3448 381 3464 ·-—
402 3423 455 3479 183
472 3411 603 3500 τράπεζα
625 3419 742 3500 μεγάλη
759 3423 939 3500 παρακέεται
958 3445 1034 3484 nunc
1055 3433 1134 3485 reete
1152 3426 1229 3502 vulg.
1243 3447 1341 3505 παρα-

202 3499 306 3584 τέταται
327 3505 392 3567 Ald.
415 3503 452 3561 al·
473 3525 537 3562 cum
557 3505 622 3564 cod·
645 3526 671 3568 ε.
698 3539 736 3552 ·-
771 3513 820 3570 193
841 3501 918 3587 παρ’
941 3504 980 3572 tv
1005 3511 1103 3582 Νῖνος
1123 3507 1212 3583 πόλις
1233 3509 1341 3589 οἴκητο

201 3589 243 3645 sic
265 3608 340 3647 nunc
359 3596 439 3648 recte
466 3588 542 3666 vulg.
575 3588 694 3653 οἰκέοιτο
712 3594 780 3666 edd.
802 3601 872 3657 cett.
894 3589 1134 3672 illiderentur}
1158 3590 1278 3658 αὐτοῖσι
1298 3625 1342 3640 -·

202 3669 352 3732 διακέεται
372 3692 448 3730 nnnc
467 3675 543 3748 vulg.
573 3673 727 3738 διακέαται
748 3676 827 3741 tto.
842 3677 895 3740 lll.
921 3686 972 3740 130
992 3675 1265 3760 έκᾶστη-έέωρέετο
1288 3673 1342 3742 cdi

203 3752 391 3831 Δημοκήδεα
403 3757 481 3832 vulg.
506 3757 652 3836 έδαρέαιο
665 3763 696 3819 8.
719 3762 768 3822 lV.
783 3769 818 3824 61
836 3763 899 3843 grip
910 3797 952 3808 —-
963 3763 1060 3827 κέεται
1078 3764 1155 3841 vulg.
1178 3785 1241 3826 cum
1253 3763 1341 3823 codd.

201 3837 239 3897 K·
260 3837 295 3897 A·
319 3839 351 3901 Β.
375 3840 409 3905 F.
430 3841 537 3918 (κεῖται
558 3844 591 3906 8.
613 3844 661 3924 V.)
683 3844 784 3908 κέαται
806 3847 846 3906 td.
868 3848 901 3906 Ρ.
922 3855 1037 3911 -144
1065 3847 1083 3912 o‘
1104 3844 1340 3932 Μεγάβαζος-

200 3923 413 4004 κατιοτρέφετο
434 3925 510 4002 vulg.
539 3928 758 4012 κατεστρέψατο
782 3932 847 3996 cod.
866 3935 897 3994 8.
921 3961 972 3980 -’
994 3939 1044 3994 rto
1072 3927 1115 4007 cic
1128 3935 1169 3997 'oi
1187 3931 1350 4014 (Δαρεέοι),

200 4006 391 4073 έπανέτταιτο
411 4003 612 4092 (Ἀρυάνδης)
626 4016 742 4094 scripsit
754 4015 849 4079 Bekis.
862 4023 957 4086 recte3
978 4017 1025 4078 alli
1042 4019 1118 4078 mule
1139 4040 1203 4079 curu
1224 4021 1289 4080 cod.
1302 3996 1339 4078 l’.

199 4091 425 4168 hostorium,
456 4095 502 4155 alii
531 4117 622 4175 aeque
647 4099 840 4160 damnandum
873 4121 937 4162 οοιιι
968 4103 1054 4163 codd.
1088 4099 1127 4166 ll.
1146 4106 1178 4162 8.
1198 4104 1235 4166 K.
1255 4103 1291 4165 F.
1317 4105 1340 4162 l'.

199 4175 402 4243 έπανιοτέατο.
422 4178 496 4240 lbirt.
518 4180 651 4262 έμιμέετο
672 4177 868 4265 (Ἆροοέιέης)
891 4187 967 4263 vulg.
987 4186 1128 4266 έμιμέατο
1149 4191 1180 4246 8.
1204 4221 1246 4234 --
1265 4188 1301 4250 V.
1320 4194 1339 4248 3

199 4261 228 4322 τέ
244 4259 365 4344 ἄρχοιτο
387 4261 434 4344 (cd
456 4266 561 4344 ἔθνος)
578 4267 654 4343 vulg.
676 4283 739 4326 αιιιιι
758 4271 843 4330 codd.
858 4271 896 4335 ll.
915 4273 947 4330 Ρ.
962 4273 999 4330 Κ.
1023 4275 1057 4336 ll.
1082 4273 1172 4332 Paris.
1194 4265 1339 4352 α’ρχοέατο

198 4345 231 4406 8.
255 4347 288 4411 V.
312 4381 354 4396 -
391 4357 442 4408 lto
466 4348 523 4430 cq‘v
544 4344 711 4432 ἀκρόπολιν
731 4347 851 4436 έρρῦετο
877 4349 970 4430 αιέτός
988 4349 1194 4440 Ἀρταφέρνης
1218 4357 1340 4435 vulgat,
