2984 5042
451 337 497 397 De
518 337 638 398 dialecto
660 337 830 398 Herodotea
843 339 890 400 lib.
914 339 939 398 1.
1221 337 1239 399 7

25 531 27 584 ξ
102 507 266 580 artificiose,
289 508 384 566 idest
406 511 582 578 constanter,
605 507 641 564 ad
664 504 741 579 leges
763 506 880 566 recentis
901 506 990 564 Jados
1023 507 1075 567 tibi
1105 485 1265 570 formasse)

25 639 27 664 Ξ
100 591 249 668 putandus
268 591 320 664 sit,
345 591 489 664 morundo
511 597 614 666 poetae
638 588 676 645 illi
695 589 853 660 artificiose,
874 591 903 650 id
919 595 962 648 est
975 592 1019 648 sui
1029 592 1108 652 metri
1119 595 1238 654 neceasi-

25 675 27 750 i
101 677 156 734 tati
178 676 383 746 convenienter,
401 674 492 752 ¹verbe
513 692 565 734 sna
586 673 669 735 variis
688 675 715 730 in
739 673 833 730 tonnis
848 673 1033 734 adhibuerint.
1058 674 1237 737 Fundamen-

26 769 29 781 '
100 769 165 818 tum
187 759 273 832 igitur
294 758 474 819 Herodoteae
495 758 627 818 orationis
652 763 695 820 est
721 775 817 820 recens
844 756 909 831 tas,
936 774 1017 834 quse
1037 777 1124 833 quum
1150 761 1243 824 mults.

101 861 167 902 cnm
188 842 339 903 Homerico
369 857 510 914 sermone,
535 841 621 902 multa
643 857 706 906 enm
736 846 829 904 vetere
854 838 946 900 Attica
973 841 1093 901 dialecto
1123 843 1238 906 baberet

100 926 277 997 communia,
303 944 339 984 eo
361 926 465 993 facilius
487 926 570 986 etiarn
588 925 641 991 alia
661 925 801 998 quaedam
822 943 855 985 cx
877 925 929 984 bac
955 925 1092 985 affinitate
1116 927 1238 1004 recipcre

101 1017 134 1070 et
155 1011 192 1068 ud
218 1029 285 1068 suas
306 1009 382 1084 leges
404 1010 524 1074 Iorrnare
548 1009 681 1085 potuit*)
722 1007 787 1074 Qua
808 1010 836 1071 in
860 1009 1152 1084 convenientiamque
1169 1029 1237 1067 con-

101 1093 236 1152 eInnitete
257 1093 377 1152 maxime
395 1093 515 1157 cernitur
535 1091 692 1152 Herodotei
713 1092 806 1168 operis
821 1091 985 1164 'attilicinmt
1010 1093 1132 1167 quuitur
1164 1095 1238 1154 enirn

100 1177 268 1238 Herodotus
289 1177 318 1237 in
343 1177 542 1254 componendis
564 1193 659 1236 rerum
679 1175 866 1237 monumentis
881 1175 981 1234 Jonicn
997 1194 1055 1248 ore,
1080 1177 1237 1250 nequeboc

25 1327 26 1350 χ
101 1261 242 1320 vocabula
262 1262 348 1332 modo
371 1261 423 1322 huc
444 1261 530 1323 modo
553 1259 600 1320 irta
628 1261 718 1319 torna
744 1260 869 1336 profert,
900 1261 951 1318 sed
979 1264 1072 1318 servat
1096 1261 1180 1318 etiam
1208 1261 1236 1320 in

25 1359 26 1418 ς
99 1345 260 1422 peregrinis
287 1345 500 1420 pronuntiandis
531 1343 622 1401 verbis
652 1344 837 1405 constantiam
865 1345 1021 1418 quendem,
1044 1343 1081 1402 ab
1103 1344 1164 1422 ipsa
1185 1362 1236 1404 na·

101 1436 169 1486 tura
193 1429 358 1506 profectam.
408 1429 493 1486 Unde
524 1434 554 1486 et
585 1430 703 1495 varietas
735 1428 883 1492 formarum
913 1426 1093 1502 dijudicanda
1120 1433 1178 1497 est,
1209 1434 1238 1485 et

100 1513 298 1589 praeteream
320 1511 486 1576 Herodoteo
508 1528 593 1588 opere
616 1511 819 1572 considerando
846 1511 875 1568 id
903 1513 1055 1572 tenendum
1083 1511 1148 1572 mibi
1175 1529 1238 1568 esse

100 1597 225 1668 videtur,
246 1595 395 1654 artificiose
416 1595 492 1656 illum
513 1613 591 1656 stram
612 1595 664 1652 sibi
682 1594 800 1668 elegisse
817 1595 980 1658 oratinnem.
1010 1596 1052 1653 Ut
1070 1613 1135 1654 vero
1150 1594 1238 1654 mirlta

100 1679 190 1738 verba
212 1678 416 1754 verborumque
436 1677 676 1742 conformationes
697 1679 787 1754 pinetis
814 1684 922 1740 tantum
948 1696 1093 1760 concessus
1114 1679 1237 1754 evitavit,

100 1765 144 1820 ita
174 1769 203 1820 et
230 1765 323 1822 omnia
354 1780 418 1828 eum
450 1783 484 1825 ex
511 1762 643 1823 interiore
674 1769 782 1820 tantum
808 1760 962 1824 Atticorum
989 1759 1116 1836 aliusque
1145 1762 1237 1837 stirpis

99 1866 157 1905 usu
177 1849 331 1924 repetenda
351 1848 521 1924 repudiasse,
541 1864 592 1925 per
611 1865 641 1904 se
661 1853 730 1922 puto
751 1845 867 1922 patebit.
897 1843 1000 1920 Neque
1022 1845 1107 1920 igitur
1128 1845 1237 1916 mirum,

100 1933 125 1990 si
148 1931 256 2008 saepius
274 1931 361 2000 rerba
383 1933 546 2005 formaeque
569 1931 708 2004 quaedam
732 1930 909 1992 aratoribus
930 1928 1116 2004 grammaticis
1137 1929 1238 2002 partim

25 2081 26 2084 Ἴ
101 2015 198 2092 poetis
220 2015 321 2092 partim
342 2015 401 2072 aliis
422 2017 537 2086 tributa,
567 2015 649 2074 etiam
671 2015 748 2091 apud
775 2022 899 2076 nostrum
921 2012 1114 2081 inveniuntur,
1144 2029 1238 2085 unque

99 2099 219 2170 mirum,
251 2100 274 2156 si
300 2100 408 2176 saepius
431 2117 504 2173 quae
525 2099 563 2154 illi
584 2099 697 2160 nomine
728 2100 840 2168 κοινοῖς
866 2096 909 2160 vel
934 2094 1114 2172 Ἑλληνικαῖς
1141 2093 1238 2171 appel·

25 2227 26 2254 ,
98 2183 163 2240 lare
186 2182 260 2240 soliti
280 2188 355 2258 sunt,
378 2201 411 2241 ea
432 2182 492 2258 ipsa
508 2183 536 2240 in
561 2183 647 2242 nostri
672 2183 984 2251 orationevcernuntum
1007 2197 1064 2255 quo
1092 2184 1122 2236 et
1150 2179 1238 2255 perti·

97 2271 154 2323 net
176 2264 274 2340 procul
294 2264 380 2322 dnbio
392 2267 497 2322 Suidae
518 2265 614 2339 glossa
633 2259 729 2341 Ἰαστί,
747 2264 922 2343 wirpirent.
967 2263 1059 2338 Hujus
1081 2267 1176 2325 autem
1192 2281 1238 2322 ar-

96 2349 182 2405 tificii
204 2347 278 2405 aliud
300 2347 383 2405 etiam
407 2349 435 2402 in
453 2349 559 2420 graecis
574 2347 670 2404 litteris
686 2349 841 2424 exemplum
857 2349 1021 2420 invenimus,
1042 2345 1159 2412 Luciani
1169 2345 1238 2409 illud

97 2429 241 2504 seriptum
263 2429 301 2482 de
322 2429 376 2484 dea
395 2431 493 2503 Syria,
520 2429 635 2487 modum
656 2435 765 2496 tuntum
787 2433 937 2503 excedens,
959 2430 1122 2506 ceteroquin
1151 2431 1237 2496 maui-

98 2516 179 2573 seeto
201 2511 396 2569 Herodoteem
421 2517 511 2568 artem
533 2511 682 2570 aemulans.
713 2513 877 2570 Herodotus
901 2517 974 2574 enim
996 2521 1029 2576 ut
1045 2511 1176 2580 historiae
1194 2515 1238 2589 ip-

25 2613 27 2628 ·
99 2615 151 2654 sas
172 2615 190 2652 a
210 2613 243 2652 se
256 2599 383 2656 narratas
400 2593 549 2650 artificiose
564 2593 720 2670 composuit
737 2594 788 2666 (cf.
808 2593 922 2670 Dionys.
947 2597 1010 2659 rial.
1028 2616 1073 2672 ep.
1091 2598 1128 2663 ad
1140 2597 1236 2672 Pomp.

25 2717 26 2756 ,
99 2679 155 2754 III,
180 2685 223 2739 ll.
256 2675 380 2752 Longis.
408 2677 445 2736 de
472 2677 600 2736 sublimit.
634 2677 710 2751 XIII,
734 2679 765 2750 7)
781 2676 952 2754 affabrisque
980 2679 1129 2748 Homerico
1151 2682 1237 2740 modu

101 2762 295 2824 narrationum
327 2759 442 2820 nexibus
474 2767 565 2820 totum
591 2780 664 2838 opus
693 2761 848 2838 colligavit,
879 2765 918 2823 ita
946 2763 1097 2828 dictionem
1124 2783 1239 2840 quoqne

102 2865 185 2904 ruam
207 2844 259 2902 sibi
284 2846 437 2922 propriam,
459 2851 491 2904 nt
510 2845 595 2902 modo
621 2845 788 2921 rronrimu's,
813 2848 996 2907 concinnavit.
1040 2844 1142 2923 Neque
1166 2850 1239 2908 euim

25 2923 26 2960 l
102 2949 152 2988 ars
174 2936 257 2998 esset,
279 2929 302 2986 si
326 2949 407 2986 ornne
430 2930 489 2988 fere
510 2929 676 2986 vocabulum
702 2930 788 2988 modo
810 2929 862 2988 hac
881 2933 967 2988 modo
984 2931 1030 2988 iila
1048 2931 1141 2990 forma
1158 2951 1238 3002 usur-

25 3021 26 3024 ’
99 3019 209 3091 passer,
231 3013 283 3069 sed
308 3013 488 3088 negligentias,
512 3013 707 3086 inconstantia,
734 3011 824 3088 qualis
845 3022 889 3072 est
912 3014 1095 3074 librariorum.
1146 3047 1149 3052 ,

25 3051 28 3164 l
189 3095 256 3172 lpse
276 3103 370 3154 autem
391 3115 442 3156 sua
466 3104 566 3154 natura
587 3104 674 3170 atque
695 3095 790 3156 indole
820 3097 921 3172 partim
946 3100 984 3156 ad
997 3099 1113 3174 epicam
1139 3103 1238 3168 artem,

25 3173 26 3224 ἶ
102 3181 215 3258 purtim,
244 3180 321 3252 quod
343 3181 434 3256 ipsum
456 3199 527 3256 opius
548 3199 630 3239 surim
646 3181 714 3240 satis
729 3197 869 3256 superque
885 3183 1018 3257 ostendit,
1041 3181 1079 3250 ad
1096 3181 1237 3240 historiam

103 3264 328 3340 componendam
348 3263 508 3338 inclinabat,
530 3265 630 3339 partim
652 3264 689 3321 ad
715 3264 745 3322 id
765 3263 924 3336 litterarum,
937 3265 1089 3339 fastigium,
1111 3265 1140 3324 iu
1160 3269 1237 3340 quod

102 3346 153 3406 illo
180 3353 308 3420 tempore
335 3344 450 3406 Athenis
477 3348 608 3424 imprimis
633 3346 781 3422 tragoedia
808 3353 905 3412 evectu
929 3354 997 3414 erat.
1047 3345 1149 3422 Neque
1182 3349 1237 3408 dis·

30 3460 32 3475 ›
102 3437 194 3490 tractu
219 3429 262 3488 his
283 3431 365 3490 rebus
386 3436 487 3491 nature
509 3432 569 3506 ejus
591 3438 641 3492 aut
660 3432 769 3500 discors
791 3431 882 3502 Iacta;
905 3433 955 3488 sed
976 3449 1084 3492 summu
1107 3432 1133 3489 ei
1149 3432 1239 3498 inam

55 3545 57 3553 ·
102 3514 257 3574 concordia
284 3518 372 3588 atque
398 3517 568 3592 constamus,
596 3515 725 3588 miraque
748 3516 827 3587 quasi
856 3514 1026 3575 concinnitas
1053 3519 1086 3584 ut
1116 3515 1237 3579 omnium

34 3633 38 3645 »
104 3597 308 3673 cogitationum
334 3603 363 3654 et
384 3616 523 3672 sensnum,
544 3599 584 3656 sic
606 3599 689 3670 etiarn
719 3597 862 3664 orationis.
906 3595 1040 3674 Panyasi,
1068 3603 1132 3662 vate
1159 3597 1246 3656 Hali.

105 3699 252 3740 carnasseo
276 3680 432 3754 codemque
457 3681 543 3738 nobili
566 3680 613 3738 illo
635 3685 720 3758 poeta
745 3681 906 3760 epico,'qni
927 3680 1094 3748 carminibus
1109 3681 1238 3740 suisHe-

104 3765 196 3824 raclea
218 3770 247 3822 et
268 3762 372 3820 Jonids
406 3763 568 3821 exstinctam
587 3764 645 3836 jam
665 3764 772 3840 epicam
794 3766 892 3840 poesia
921 3767 1100 3834 resuscitasse
1126 3766 1238 3838 dicitnr,

105 3855 135 3908 et
160 3849 188 3908 in
212 3866 269 3924 quo
292 3847 412 3906 eundern
430 3846 600 3922 disponendi
620 3848 755 3904 rationem
780 3849 929 3911 laudarunt
948 3854 1058 3907 veteres
1079 3849 1164 3908 critici
1186 3851 1237 3924 (cf.

105 3931 224 3998 Quintil.
241 3931 317 4002 X,1,
338 3931 397 4008 54),
423 3949 479 4006 qua
495 3929 674 3988 Herodotum
697 3932 830 3991 excellere
856 3951 931 3994 nunc
947 3934 1001 4011 ipsi
1024 3934 1167 4012 ridemus,
1191 3934 1238 3995 illo

105 4015 226 4093 Panyasi
252 4033 331 4072 usum
357 4033 418 4072 esse
428 4015 607 4074 Herodotum
633 4014 768 4091 patruele,
790 4023 889 4078 notum
910 4023 954 4076 est
984 4019 1041 4092 (cf.
1061 4019 1142 4078 Suid.
1168 4036 1190 4073 s.
1212 4035 1238 4070 v.

108 4093 270 4170 Πανύασις,
295 4104 324 4156 ct
342 4099 437 4178 Heyse
458 4097 476 4156 l.
500 4099 517 4156 I.
541 4119 570 4176 p.
597 4105 630 4156 12
655 4101 745 4174 sqq.)-

25 4213 26 4240 ¹
175 4230 200 4294 *i
220 4213 328 4280 Photide
338 4227 443 4311 (ltpsinc
453 4225 551 4306 Persic.
566 4227 592 4309 p.
604 4225 646 4279 64.
667 4226 772 4292 (Baebr.
789 4228 860 4282 Cies.
878 4227 981 4311 Reliqq.
997 4245 1023 4308 p(¹
1039 4218 1241 4304 wlt'uizpqrnt

107 4297 255 4364 (Κτησίας)
275 4292 306 4348 δὲ
326 4313 359 4364 τῃ
385 4299 481 4362 Ιωνικῃ
493 4295 637 4366 didicere,
651 4295 679 4350 al
692 4292 728 4364 μὴ
739 4291 784 4372 ⁶dc’
801 4293 1006 4365 &incanduere
1020 4288 1175 4358 andoroe,
1192 4291 1240 4346 dt-

110 4361 143 4416 λὰ
155 4361 215 4419 κατ’
232 4359 308 4426 irinc
318 4362 397 4426 τινὰς
407 4358 501 4431 λέξεις.
598 4411 602 4418 ,
1081 4407 1086 4416 ,
1181 4369 1183 4374 “
