2980 5032
504 307 550 368 De
572 309 693 375 dialecto,
714 289 878 369 Herddotea
901 311 945 368 lib.
971 309 992 369 l.
1032 393 1042 403 .
1271 305 1293 366 9

146 475 234 552 quem
255 475 371 534 *Giesius
400 471 591 534 dunonstrare
622 471 743 553 suscepit
768 478 890 534 omnium
916 477 1027 534 minime
1053 475 1138 534 fuisse
1160 471 1290 534 ‘mixtam

149 555 264 628 Quibus
285 561 313 618 in
338 561 482 618 sententiis
508 579 523 616 a
550 560 646 617 Giesio
675 561 826 636 propositis
852 560 939 618 multa
960 562 1025 617 mihi
1050 557 1147 638 parurn
1174 562 1319 617 circum--

147 651 247 722 specte
267 661 423 724 parumque
447 651 576 701 accurate
602 638 745 718 drsputata
771 644 861 700 inesse
887 645 1022 701 videntur.
1067 644 1198 701 Primum
1219 645 1290 706 enirn

146 747 208 786 non
228 727 397 784 intellexisse
419 727 464 784 ille
485 727 550 783 mihi
568 727 686 799 videtur,
710 727 916 800 Hermogenem
934 727 952 783 l.
971 728 989 789 l.
1006 727 1189 785 differentiam
1209 730 1291 786 istam

147 813 223 869 inter
246 810 419 868 Hecataeum
438 816 467 866 et
489 810 908 890 Herodotumlintercedentem
930 812 1040 868 minime
1074 813 1101 868 in
1130 813 1292 869 diversitate

148 895 273 970 quadam
283 893 389 952 -novae
411 894 526 952 lonicae
548 895 656 951 dialecti
677 895 813 969 posuisse,
838 895 981 968 disjunctis
1004 895 1071 950 locis
1094 904 1166 965 orta,
1180 897 1237 952 'sed
1261 897 1290 952 in

149 983 253 1036 ornato
287 985 315 1035 et
343 979 454 1056 poetico
482 978 686 1052 artificioseque
713 978 868 1052 coraposito
896 979 1008 1035 dicendi
1035 997 1153 1052 genere,
1172 991 1236 1054 ‘qna
1262 980 1290 1036 in

92 1110 98 1121 .
147 1081 180 1121 re
199 1081 244 1140 ea,
267 1079 340 1136 quae
367 1062 479 1138 proprie
500 1063 536 1118 ad
564 1081 666 1118 noram
696 1061 822 1117 Jonicam
851 1061 998 1118 dialectum
1028 1065 1182 1138 pertinent,
1214 1064 1290 1120 haud
1352 1056 1354 1059 ’

149 1163 223 1222 opus
251 1157 312 1202 csse
343 1146 486 1202 dissimilia
518 1147 653 1203 Hecataei
684 1152 895 1220 ceterorumque
926 1144 1165 1222 logographorum
1201 1153 1291 1204 statu-

148 1249 198 1288 ere
223 1237 324 1305 sponte
345 1237 433 1306 patet.
477 1231 535 1286 Sed
559 1231 722 1306 plerumque
747 1231 883 1286 nescimus
905 1247 982 1286 suam
1007 1231 1130 1305 ipsorum
1157 1231 1292 1305 logogra·
1349 1247 1357 1264 .

148 1315 271 1391 phorum
294 1311 467 1388 orationem,
493 1333 578 1388 quum
601 1313 721 1386 antiquis
749 1313 806 1388 jam
838 1313 1009 1390 temporibus
1037 1315 1067 1370 id
1097 1315 1128 1370 iis
1157 1316 1292 1372 accidisse

149 1403 260 1455 constet
282 1396 332 1474 (cl.
356 1397 471 1474 Dionys.
500 1397 564 1454 Hal.
600 1399 636 1454 de
660 1397 790 1473 Thucyd.
817 1397 877 1470 jud.
907 1403 951 1473 23,
979 1397 1133 1472 aaaron
1160 1399 1289 1455 omnibus

149 1481 257 1538 Jonicis
282 1483 315 1538 ac
338 1483 431 1538 nescio
454 1499 491 1538 an
513 1482 640 1538 omnibus
662 1480 716 1536 alio
744 1500 871 1539 sermone
898 1497 984 1556 qnam
1012 1481 1106 1538 Attica
1138 1489 1187 1538 aut
1214 1501 1291 1538 com-

149 1565 226 1621 muni
252 1565 307 1620 usis
329 1566 509 1642 scriptoribus
531 1566 665 1622 accidisse
689 1565 807 1635 ridetur,
834 1573 865 1622 ut
888 1566 1128 1642 sponsionibus
1148 1567 1176 1622 in
1198 1567 1290 1623 tritio-

148 1667 210 1706 rem
228 1649 328 1722 cuique
339 1650 449 1706 dicendi
461 1653 540 1706 usum
552 1656 726 1706 verterentur
735 1655 785 1706 aut
797 1649 916 1706 omnium
939 1650 1055 1726 maxime
1069 1669 1086 1706 a
1102 1650 1219 1707 librariis
1241 1652 1290 1708 de-

148 1741 341 1810 pravarentur.
395 1733 512 1807 Singula
539 1752 605 1790 vero
633 1733 731 1790 ionica
749 1733 846 1790 rerba
877 1732 1059 1808 singulaeque
1091 1734 1226 1790 dictiones
1253 1735 1290 1792 ab

148 1816 210 1874 aliis
232 1835 268 1873 ex
289 1815 530 1892 lugographorum
552 1817 660 1894 scriptis
683 1817 776 1887 allata,
803 1825 831 1874 et
853 1818 1011 1874 testimonia
1035 1819 1288 1892 grammaticorum,

149 1907 182 1957 ut
203 1899 345 1976 Apollonii
367 1902 403 1958 de
425 1900 553 1961 Pronum.
580 1921 609 1976 p.
641 1905 692 1958 118
717 1901 742 1957 Β
775 1902 811 1958 de
845 1901 1019 1977 Pherecydes,
1049 1903 1085 1957 de
1113 1899 1290 1976 Pherecydis,

148 1983 287 2042 Hecataei
309 1989 337 2040 et
353 1983 498 2056 ,Herodoti
520 1985 643 2042 dictione
666 1984 857 2061 Eustathii*)‚
883 1986 1008 2060 quamvis
1032 1985 1143 2040 minime
1171 1985 1207 2040 ab
1230 1985 1290 2042 He-

148 2069 270 2124 rodoteo
293 2065 346 2125 asu
371 2085 485 2144 prorsus
512 2068 630 2126 alienum
661 2069 770 2126 dicendi
793 2087 888 2144 ¹genus
916 2069 1080 2145 probantia,
1107 2085 1163 2124 oon
1195 2072 1289 2126 tamen

149 2153 191 2208 ita
217 2157 283 2208 sunt
314 2159 489 2228 comparata,
522 2157 554 2210 nt
583 2159 687 2210 certam
716 2155 857 2228 quandam
887 2153 1035 2228 imaginem
1063 2153 1148 2209 totins
1177 2153 1290 2209 rationis

149 2234 268 2292 Junismi
296 2235 535 2312 logographorum
562 2239 654 2294 auimo
680 2237 866 2313 concipiamus
890 2243 977 2311 atque
1010 2237 1198 2297 informemus,
1242 2235 1290 2293 Ad

150 2319 242 2375 locum
265 2321 475 2381 autem‘Suidae
497 2319 532 2396 (s.
549 2337 575 2376 v.
597 2313 766 2397 Ἡρόδοτος,
788 2321 824 2376 cf.
844 2327 872 2377 et
894 2321 989 2396 Hayse
1010 2320 1035 2378 ·l.
1058 2319 1081 2386 l..
1100 2339 1127 2396 p.
1154 2321 1184 2392 9)
1210 2322 1288 2394 quod

151 2401 262 2478 attinet,
289 2401 466 2461 Herodotum
488 2403 581 2472 Sami,
604 2421 688 2477 quam
711 2404 738 2459 in
764 2403 881 2460 insulam
903 2409 1019 2480 propter
1040 2402 1207 2478 Lygdamin,
1229 2403 1291 2459 Ha-

150 2485 293 2543 licarnassi
314 2496 478 2562 tyrannum,
501 2487 629 2559 fugisset,
651 2505 682 2542 se
703 2487 857 2543 exercuisse
867 2486 964 2542 Jouica
986 2487 1015 2542 in
1038 2486 1167 2556 dialecto,
1191 2492 1219 2541 et
1240 2487 1291 2542 ibi-

151 2570 218 2625 dem
241 2567 365 2627 historias
387 2589 454 2627 suas
474 2570 675 2645 composuisse,
702 2569 745 2626 hic
766 2568 844 2625 locus
864 2569 907 2626 rel
929 2569 966 2624 ob
988 2569 1027 2638 id,
1056 2570 1134 2642 qnod
1158 2569 1290 2626 contiuuo

150 2651 280 2710 additum
308 2661 366 2723 est,
397 2653 573 2711 Herodotum
596 2654 699 2710 ibidem
724 2654 817 2711 statim
841 2653 970 2710 historias
1000 2671 1065 2719 suas
1090 2653 1289 2728 composuisse,

150 2737 236 2792 cnivis
263 2743 408 2814 suspectus
437 2756 498 2794 esse
530 2739 623 2795 debet.
677 2735 784 2812 Negari
814 2738 927 2811 quidem
956 2755 1012 2793 uon
1037 2742 1146 2812 potest,
1175 2738 1291 2794 Samum

148 2821 252 2878 adiisse
274 2821 467 2898 Herodotum,
490 2827 522 2878 ut
543 2828 649 2879 ceteras
672 2821 775 2878 insulas
795 2839 929 2895 oramque
950 2821 1112 2877 maritimam
1136 2818 1219 2877 Asiae
1240 2823 1291 2877 mi-

149 2906 236 2976 noris,
257 2905 352 2978 ibique
378 2905 524 2962 dialectum
557 2906 723 2976 Samiorum,
755 2917 786 2962 ut
811 2911 966 2962 ceterorum
994 2904 1114 2975 Jonum,
1137 2905 1290 2963 accuratius

149 2990 327 3062 cognovisse,
351 2990 456 3065 quippe
478 2989 525 3064 qui
546 2995 603 3047 tam
626 2990 774 3064 diligenter
800 2995 829 3046 et
860 2989 967 3046 curiose
995 2994 1129 3062 quattuor
1158 2988 1217 3043 illas
1239 2987 1290 3045 Jo-

148 3071 228 3129 nicae
249 3073 360 3130 dialecti
384 3072 484 3130 locales
508 3073 679 3130 differentias
707 3091 858 3146 earumque
889 3072 958 3128 lines
988 3073 1135 3128 memoriae
1164 3073 1289 3130 tradide·

149 3156 187 3211 rit
209 3157 260 3230 (cf.
284 3156 308 3230 1,
329 3157 405 3229 142),
428 3157 479 3214 sed
501 3157 569 3214 ideo¹
587 3176 644 3216 nou
667 3158 798 3213 continuo
819 3163 861 3212 est
888 3157 1081 3231 statuendum,
1107 3156 1214 3211 Samia'
1227 3175 1288 3214 curn

148 3237 195 3294 vel
219 3237 311 3315 Lydia
333 3239 378 3296 vel
403 3241 500 3313 quavis
527 3241 580 3297 alia
601 3240 719 3298 dialecto
741 3259 822 3297 usum
840 3259 901 3296 csse
923 3240 950 3294 in
973 3239 1174 3316 componendis
1197 3259 1288 3297 rerum

148 3323 348 3394 monumentis,
371 3324 437 3397 quia
460 3324 488 3380 in
509 3343 606 3381 eornm
630 3335 704 3382 terra
725 3341 875 3400 parumper
900 3323 936 3378 sit
963 3330 1092 3380 versatus
1121 3328 1150 3378 et
1185 3323 1288 3380 incola-

151 3423 216 3462 rum
248 3404 372 3476 linguam
409 3410 580 3480 cognoverit.
635 3405 737 3481 Neque
765 3408 849 3464 etiarn
881 3413 1097 3464 consentaneum
1126 3423 1186 3464 esse
1213 3408 1291 3465 vide-
1357 3398 1365 3412 ¹

152 3493 215 3556 tur,
246 3484 393 3543 dialectum
413 3489 586 3562 Samiorum,
616 3492 663 3566 qui
688 3491 739 3547 soli
761 3491 797 3547 ab
830 3490 890 3546 aliis
918 3489 1037 3547 Jonibus
1064 3489 1181 3563 sejuncti
1212 3509 1290 3550 suam

151 3570 266 3644 liuguae
296 3571 494 3644 proprietatem
528 3570 727 3650 haberent**'),
753 3573 931 3632 Herodotum
959 3575 1119 3632 adhibuisse
1146 3575 1175 3631 iu
1204 3595 1290 3652 opere

151 3673 205 3710 suo
228 3651 305 3710 hand
328 3652 394 3708 solis
414 3655 514 3711 Samiis
536 3657 691 3730 destinat03
713 3677 805 3736 neque
831 3656 913 3716 ullam
930 3658 1010 3716 aliam
1028 3657 1108 3718 locali
1129 3659 1291 3721 diversitate

160 3795 366 3807 ,.,.-.-.-.....-

222 3869 244 3934 ’)
263 3867 382 3920 Eustath.
401 3869 435 3922 ad
453 3869 529 3926 Hom.
547 3868 579 3923 Jl.
603 3871 624 3926 l.
664 3914 669 3926 .
688 3871 764 3929 927.
780 3875 814 3928 ci.
829 3882 856 3927 et
869 3875 1012 3943 Pherecyd.
1024 3877 1127 3944 Fragm.
1149 3877 1190 3928 ed.
1202 3878 1289 3930 Stura.

151 3954 178 4008 p.
194 3933 237 4018 li,
256 3945 283 3988 ot
301 3937 437 4002 Hellanici,
451 3956 478 4006 p.
500 3939 543 4002 25,
560 3939 605 4004 44,
626 3889 682 3995 lid.
697 3943 741 4012 'lie
758 3941 828 4006 λέξει
847 3941 975 4013 εἰρομένῃ
993 3946 1049 3996 sive
1061 3939 1211 4014 διῃρὴμένῃ
1222 3943 1290 4006 (De-

151 4013 259 4056 metrius
278 4005 310 4055 de
329 4005 432 4063 Elocut,
454 4009 480 4072 5.
498 4009 542 4060 ll.
565 4016 593 4060 et
612 4009 669 4073 ln)
688 4011 928 4078 istorumveterum
951 4013 1106 4080 scriptorum
1128 4015 1161 4064 ci.
1182 4012 1290 4066 aristot.

152 4071 780 4138 aasentiastortio,nenen.t1.0ereron
799 4081 860 4133 vide
875 4081 969 4134 creua.
995 4084 1131 4146 fragment.
1151 4078 1240 4129 histor·
1266 4095 1291 4146 p.

152 4139 185 4194 li
207 4157 273 4210 sqq,
294 4139 343 4193 139
366 4161 405 4210 sq.
441 4144 535 4206 Quint.
557 4145 827 4216 1X.4,16sqq.,x
859 4151 883 4214 l,
910 4147 951 4203 73.

221 4211 259 4274 ”)
279 4208 322 4264 cf.
341 4211 454 4278 Etymol.
473 4213 544 4282 Mag.
567 4232 587 4268 s.
607 4234 632 4271 v,
651 4211 794 4275 Aeuvnnuc
812 4224 839 4270 et
864 4235 890 4286 p.
914 4215 974 4276 259,
997 4213 1040 4264 30.
1081 4212 1187 4278 Hcsyoh
1221 4214 1241 4271 l.
1267 4233 1293 4282 p.

151 4273 204 4327 496
226 4271 555 4348 ἅποφλᾶσανρογχᾶσαι
573 4283 682 4350 Κρῆτες
699 4281 745 4334 unt
765 4281 879 4352 Σάμιοι.
919 4283 985 4335 Vide
1005 4285 1031 4330 et
1055 4277 1143 4340 Εἰδώ.
1168 4284 1201 4338 ad
1223 4283 1289 4342 Veli.

152 4343 175 4396 1.
195 4361 220 4417 p.
237 4345 280 4400 54.
315 4346 420 4418 hager,
438 4349 539 4422 Disput.
559 4351 655 4407 Herod.
676 4350 730 4422 pi
749 4369 790 4421 sq.
