3016 5026
225 267 268 346 eo
541 247 586 345 ue
609 273 734 346 aoso
754 283 921 344 annom
942 283 990 344 no.
1013 285 1036 344 1.

224 454 322 532 potius
341 453 541 530 conjungenda
561 453 609 531 sit,
629 471 688 510 uon
705 469 767 510 cum
784 446 910 520 roricone
934 451 1012 528 qnod
1031 469 1117 528 quum
1136 451 1197 510 lieri
1217 447 1274 510 lroc
1293 453 1358 513 loco

225 556 283 596 non
301 555 388 616 posse
402 543 517 615 pateat,
545 537 574 594 iu
595 535 706 612 vulgari
727 537 847 594 istorum
867 535 1017 595 verborum
1035 535 1222 604 collocatione
1240 538 1360 613 acquie-

225 623 361 681 scendum
377 627 433 696 est,
446 620 614 679 confirmata
627 621 713 679 etiam
729 619 861 696 Aeschyli
876 620 998 697 quodam
1013 619 1087 694 loco,
1102 622 1151 696 qui
1166 626 1211 678 est
1226 620 1358 698 Clroeplr.

225 722 269 762 vs.
291 709 353 764 769.
375 702 457 783 μέλει
476 710 595 766 θεοῖσιν
616 693 715 783 dunen
738 698 778 765 civ
799 702 971 789 pilprcipr.
997 735 1033 746 -
1060 704 1109 762 Vl.
1133 707 1185 762 109
1206 705 1357 764 ediderunt

186 791 191 801 '
225 788 317 846 Gaisf.
340 786 378 850 al.
402 797 466 846 cum
486 789 519 847 S.
542 788 575 850 V.
598 787 669 847 baec
690 788 778 848 rerba
800 788 842 847 sic
863 788 1016 846 collocata:
1038 778 1229 868 s‘gptcordlqu
1252 789 1360 870 yivos-

224 893 273 934 ror
295 871 479 952 ci'yvdpor,
502 875 563 932 τῶν
585 870 639 952 μὲν
656 865 841 934 κελευόντων
860 870 1052 954 συμβαλέειν,
1075 876 1137 934 cois
1158 870 1190 934 di
1212 865 1249 934 osi
1272 891 1356 953 cepe

225 954 355 1036 βαλέειν.
401 955 455 1014 elii
477 953 559 1034 (edd,
579 961 649 1021 vett.
668 954 774 1031 neus.)
795 975 859 1014 cum
881 956 968 1018 codd.
990 955 1025 1012 F.
1048 955 1076 1014 b.
1098 960 1160 1017 τῶν
1181 954 1234 1032 μὲν
1257 963 1359 1020 aslev-

225 1033 332 1114 όντων,
361 1043 421 1102 τῶν
442 1038 474 1102 di
493 1036 533 1101 cii
552 1039 746 1120 συμβαλέειν,
776 1040 829 1098 sed
850 1057 887 1098 ue
908 1040 950 1102 sic
973 1039 1087 1116 quidem
1108 1045 1186 1100 recte
1203 1051 1276 1112 suut
1296 1062 1358 1119 po-

224 1125 296 1194 sita3
326 1143 412 1200 quum
438 1123 512 1182 enim
540 1125 723 1200 negationem
747 1117 785 1185 cii
795 1163 805 1198 ,
831 1128 917 1180 acuto
947 1130 1093 1199 notatam,
1120 1130 1152 1182 et
1182 1123 1300 1184 alicam
1329 1131 1360 1184 et

217 1208 319 1286 ipsios
336 1207 478 1268 Herodoti
503 1208 599 1266 multis
626 1207 761 1286 exemplis
780 1205 978 1265 'demonstrari
1001 1209 1105 1286 possit*
1125 1209 1155 1265 iu
1182 1208 1240 1267 line
1265 1209 1357 1269 totins

224 1292 364 1351 enuntiati
385 1293 548 1378 ponendam
573 1309 656 1366 esse,
687 1290 756 1350 nihil
781 1290 949 1368 relinquitur
973 1291 1071 1370 dubii,
1099 1292 1167 1369 quin
1195 1292 1241 1350 lric
1268 1311 1286 1352 a
1310 1311 1359 1352 me

224 1376 391 1454 propositus
414 1376 565 1435 verborum
587 1377 660 1434 ordo
681 1374 760 1434 solus
781 1375 819 1432 sit
839 1376 998 1450 genuinus:
1020 1377 1080 1438 cciv
1100 1373 1154 1454 μὲν
1172 1368 1360 1439 κελευόντων

225 1461 410 1540 συμβαλεῖν,
431 1459 497 1522 eoin
513 1458 546 1522 el
568 1453 618 1525 ori.
640 1453 680 1536 ἢν
701 1458 754 1538 μέν
776 1479 835 1520 νυν
855 1481 882 1520 ιι.
903 1479 927 1518 r.
949 1463 976 1519 l.
1349 1481 1352 1488 ’

309 1541 406 1611 Quum
426 1543 513 1620 igitur
535 1544 710 1617 viderimus,
735 1547 794 1602 tam
815 1542 918 1601 multas
940 1542 1030 1600 fuisse
1053 1561 1171 1615 causas,
1198 1535 1359 1620 err-quibus

223 1631 283 1687 tam
303 1627 465 1687 deformata
485 1627 655 1687 Herodotea
676 1627 769 1686 oratio
788 1627 950 1700 exsisteret,
972 1645 1067 1704 neque
1088 1628 1202 1686 omuino
1221 1647 1289 1688 vere
1306 1629 1357 1687 llr.

223 1710 261 1770 A.
276 1709 408 1771 Wolfium
428 1712 578 1788 (Prolegg.
599 1731 628 1790 p.
647 1710 701 1789 Vl)
722 1711 777 1768 sibi
795 1711 1033 1772 animadvertisse
1054 1710 1144 1769 visum
1163 1731 1228 1772 esse
1244 1717 1357 1791 pateat,

223 1807 308 1872 quam
335 1815 428 1874 prope
453 1813 590 1872 germano
616 1796 705 1853 nitori
731 1795 861 1853 redditos
885 1795 1055 1854 haberemus
1084 1794 1225 1857 Herodoti
1255 1796 1358 1872 libros,

223 1879 319 1938 statim
334 1880 464 1957 quaestio
479 1880 623 1940 exorietur
637 1896 756 1938 necesse
768 1885 825 1955 est,
838 1898 912 1956 qnae
926 1879 972 1938 via
985 1897 1117 1956 quaeque
1129 1880 1201 1938 ratio
1216 1881 1301 1938 uobis
1318 1881 1359 1938 sit

222 1962 473 2038 ingrediensque
493 1963 540 2021 ille
562 1983 648 2041 quam
665 1963 784 2024 maxime
805 1965 928 2039 genuina
945 1965 1113 2039 sinceraque
1128 1965 1276 2038 reddetur,
1318 1963 1358 2022 Et

223 2045 301 2104 dicat
320 2047 442 2122 aliquis,
463 2047 551 2106 libros
572 2049 610 2106 de
630 2047 759 2106 dialectis
782 2049 975 2125 compositos,
997 2066 1015 2105 a
1035 2047 1241 2106 recentioribus
1262 2048 1357 2109 doctis

222 2127 292 2186 viris
311 2129 466 2188 utilissimis
486 2130 718 2190 adnotationibus
738 2130 911 2206 illustratos,
937 2131 1055 2190 multum
1081 2131 1166 2190 nobis
1186 2151 1275 2211 posse
1302 2133 1358 2190 lroc

223 2211 252 2270 iu
275 2213 392 2290 negotio
404 2215 578 2294 ·'prodesse;
605 2233 640 2273 ac
665 2233 765 2274 revera
787 2212 883 2290 eliqua
904 2234 939 2274 ex
959 2220 1044 2293 parte
1063 2221 1198 2294 prosunt,
1220 2213 1358 2294 imprimis

223 2295 426 2357 Scbaeseriaua
446 2296 498 2358 illa
515 2295 648 2376 Gregorii
664 2297 806 2360 Corinthii
825 2298 888 2356 libri
909 2300 947 2358 de
966 2299 1087 2358 Graecis
1108 2299 1239 2359 dialectis
1257 2299 1358 2374 editio,
1448 2355 1456 2365 ,

197 2410 202 2422 ⁴
222 2379 319 2440 multis
331 2381 563 2460 doctissimisque
581 2385 718 2442 instructa
731 2385 951 2444 commentariis.
992 2384 1052 2442 Sed
1072 2383 1185 2441 bilibri
1206 2399 1358 2443 recensum

222 2471 332 2524 tautum
349 2466 463 2543 aliquot
483 2468 636 2528 turmarum
657 2468 848 2529 dictionumve
870 2487 905 2528 ex
929 2485 1043 2545 quaque
1063 2467 1187 2526 dialecto
1208 2473 1358 2546 excerpt&

222 2567 284 2609 rnru
305 2550 458 2629 exhibent,
484 2571 577 2630 neque
604 2571 669 2612 enm
689 2551 901 2630 plenissimum,
921 2569 1023 2626 sueque
1044 2553 1115 2610 satis
1136 2552 1357 2628 distinguentem

222 2635 299 2694 inter
318 2637 397 2694 varia
415 2639 552 2712 cujusque
570 2636 685 2699 dialecti
705 2650 813 2710 genera
837 2639 867 2692 et
888 2635 1069 2710 scriptorum,
1090 2635 1138 2708 qui
1155 2634 1191 2692 iis
1212 2637 1257 2692 usi
1281 2642 1357 2700 snat,

223 2719 294 2776 Nec·
310 2736 398 2790 vero,
421 2719 531 2776 etiamsi
551 2717 665 2792 singula
686 2734 836 2792 quaeque,
857 2733 930 2790 quae
951 2715 987 2774 ab
1010 2715 1072 2774 aliis
1093 2715 1280 2792 scriptoribus
1301 2719 1360 2778 alia
1482 2763 1483 2767 ,

224 2799 375 2857 occasione
396 2799 527 2861 adhaec
548 2816 606 2857 rem
629 2799 802 2874 pertinentia
822 2799 927 2855 tradita
948 2802 1034 2872 sunt,
1060 2797 1277 2873 diligentissime
1298 2801 1360 2860 col·

223 2882 297 2941 lecta
317 2881 528 2952 addiderimus,
557 2887 587 2938 et
613 2881 654 2940 ite
675 2881 768 2937 omnia
789 2881 891 2957 cuique
912 2881 1034 2938 dialecto
1054 2883 1206 2959 peculiaria
1221 2883 1251 2941 in
1272 2904 1358 2946 naum

223 2969 407 3043 conspectum
434 2963 627 3038 coegerimus,
655 2960 685 3022 id
710 2965 789 3038 qnod
810 2965 973 3022 novissimis
993 2966 1178 3044 temporibus·
1191 2966 1308 3028 Giesius
1329 2975 1358 3028 et

223 3047 336 3107 Ahrens
357 3046 524 3106 doctissim
546 3047 642 3106 facere
661 3043 882 3126 inceperunt*),
912 3068 1016 3126 magno
1036 3069 1098 3108 cnm
1124 3051 1218 3131 lructu
1245 3051 1358 3112 inerte

223 3133 339 3206 critica,
361 3131 399 3189 ad
420 3130 494 3188 lrnuc
515 3130 561 3190 vel
581 3129 659 3191 illum
679 3129 849 3210 scriptorem
869 3133 1047 3210 adhibenda,
1069 3136 1228 3212 procedere
1244 3138 1357 3213 poteri·

223 3235 298 3290 mus,
317 3216 370 3273 uisi
390 3214 549 3274 accuratius
567 3216 595 3273 in
613 3214 696 3290 hujus
716 3215 811 3290 unius,
832 3234 915 3291 quem
936 3224 1102 3293 tractamus,
1122 3219 1269 3298 scriptoris
1289 3239 1358 3298 pro·

223 3300 313 3377 priam
333 3299 487 3358 dictionem
508 3299 712 3378 propriumque
732 3319 813 3358 ussum
836 3300 1020 3376 inquiramos.
1064 3304 1169 3380 Neque
1191 3305 1267 3364 enim
1287 3303 1358 3362 mul-

223 3390 282 3442 tum
304 3384 438 3460 adjuvat,
455 3403 543 3460 ‚quum
565 3384 673 3442 formae
692 3386 832 3458 quaedam
854 3382 898 3442 vel
916 3385 1055 3446 dictiones
1077 3389 1228 3448 traduntur
1244 3388 1358 3448 lonicae

224 3487 301 3542 esse,
324 3487 381 3546 qua
401 3468 439 3526 de
459 3487 492 3527 re
510 3469 678 3546 plerumque
700 3467 776 3526 nulla
797 3475 841 3528 est
862 3467 1015 3545 dubitatio,
1036 3471 1062 3531 si
1081 3472 1245 3548 ignoramus
1265 3478 1357 3530 utrum

222 3552 409 3612 Herodoteae
426 3551 492 3610 illae
512 3553 571 3610 sint
584 3571 621 3611 au
639 3552 709 3610 alius
722 3553 812 3612 louici
830 3552 996 3632 scriptoris3
1014 3555 1039 3612 si
1053 3555 1227 3632 ignoramus,
1247 3556 1357 3617 etiamsi

224 3641 336 3696 constet
358 3636 537 3696 Herodotum
564 3655 614 3697 eas
636 3653 805 3715 usurpasse,
830 3644 924 3701 ntrmu
946 3657 1061 3717 semper
1085 3640 1120 3698 iis
1144 3646 1214 3700 usus
1237 3639 1291 3714 sit,
1321 3659 1358 3700 an

194 3732 199 3736 ’
224 3720 289 3778 aliis
309 3713 338 3780 in¹
360 3719 432 3778 locis
453 3720 508 3779 alia
523 3721 677 3780 admiserit.
720 3721 817 3790 Quare
830 3742 930 3782 rursus
944 3723 983 3781 ad
1000 3729 1115 3782 nosnos
1128 3724 1358 3801 corruptissimos

224 3804 342 3864 codices
362 3801 435 3866 Mes.
464 3805 547 3864 nobis
562 3805 791 3882 'confugiendum
812 3812 866 3866 est.
910 3807 970 3865 Sed
990 3807 1041 3879 hi,
1067 3813 1236 3886 quamquem
1257 3809 1359 3870 nullius

224 3888 320 3948 adbuc
340 3889 447 3946 codicis
467 3895 629 3949 accuratam
649 3895 883 3968 constantemque
896 3891 1032 3950 habemus
1047 3891 1239 3969 collationem,
1259 3911 1297 3952 ne
1309 3912 1361 3954 eo·

232 4029 432 4058 η-ι--τ-η,

258 4117 265 4126 ’
296 4125 329 4188 *)
358 4123 395 4176 Et
410 4121 497 4176 Giesii
521 4120 625 4190 quidem
652 4120 720 4172 liber
750 4122 783 4174 ds
806 4121 919 4179 dialecto
943 4121 1050 4174 Aeolica
1074 4121 1241 4191 conscriptus
1263 4121 1291 4174 in
1310 4122 1362 4174 hac

227 4187 286 4256 ipsa
304 4189 418 4243 dialecto
441 4187 579 4244 necundo
601 4187 737 4256 constitit,
762 4189 825 4258 qnia
841 4198 935 4244 auctor
950 4197 1118 4259 praematura
1135 4198 1218 4245 morte
1235 4191 1363 4260 abreptus

227 4262 287 4320 ests
313 4257 422 4311 alterins
440 4264 527 4310 sutem
545 4255 624 4311 etism
643 4253 752 4309 ulcerum
772 4259 893 4313 volumen
911 4257 946 4312 de
962 4257 1075 4312 dialecto
1092 4260 1191 4314 Dorica
1215 4275 1299 4331 nuper
1321 4267 1365 4314 cst

227 4320 340 4388 editum,
357 4325 427 4394 quod
448 4325 554 4394 quidem
571 4332 601 4378 ut
618 4323 796 4380 nanciscercm
814 4327 932 4382 noudum
946 4327 1008 4380 milri
1026 4327 1152 4397 contigit.
1220 4355 1222 4364 ·
