3002 5028
398 329 445 396 De
463 328 588 414 dialecto
607 327 777 392 Herodotes
789 332 844 395 liii.
865 333 915 394 19.
1164 326 1229 396 Ui

102 497 232 564 hibenda
248 497 410 576 miptsrae
424 499 529 566 codf.
549 497 691 583 ἐμπιπλᾴ.
733 499 794 558 Sed
814 497 988 580 ἐπίμπλατο.
1010 503 1089 577 ασαιί
1111 501 1231 562 111168

101 582 229 642 mulli
249 601 266 640 e
283 583 369 645 codd.
383 584 425 642 11.
442 583 473 642 Ρ.
487 583 526 649 K.
541 584 578 648 1³.
593 589 771 660 receperint,
785 584 1001 646 defendendum
1017 603 1085 646 esre
1100 587 1231 646 existimo
1416 603 1419 610 ·

101 673 202 728 eoam
223 665 343 727 silerum
364 665 516 732 λπιτιλίιτο
535 668 619 745 (Ald.
640 670 672 726 S.
694 665 792 743 us.)
819 667 866 726 vel
888 666 1066 747 λμπιπλίιτν
1087 667 1168 744 (cod.
1189 673 1230 747 τ.)

101 769 196 829 qaum.
208 749 277 808 nihil
296 770 351 810 rior
371 759 474 827 cogas,
493 758 527 810 ut
546 752 655 812 euml
673 750 827 831 ἐμπασλέει
847 753 1023 812 Herodoluu
1046 752 1151 812 dixisse
1171 759 1232 813 sta-

102 836 331 910 μεταναστῆναι
352 836 381 894 in
402 837 599 913 inperfectum
619 843 734 915 tempor
754 837 862 914 passivi
883 837 956 896 hene
975 837 1125 894 flexionem
1139 841 1233 896 mns-

103 920 170 977 iisse
198 928 347 1020 putemus;
379 923 549 998 praesertim
573 939 659 998 quum
683 924 830 999 πιμπλᾶσι
858 921 891 984 ll.
913 926 957 980 40.
999 919 1164 999 ἐμπιπλᾶσι
1185 921 1232 978 lV.

103 1007 146 1062 72.
190 999 420 1082 αποπιμπλᾶναι
440 1003 486 1061 ll:
495 1009 552 1066 129.
595 1005 787 1084 πίμπλασθαι
803 1011 832 1062 εἰ
851 1007 1018 1082 πίμπλαται
1036 1006 1072 1064 ll.
1095 1009 1139 1066 93.
1183 1003 1234 1081 ἐμ-

102 1083 283 1164 πιπλᾶμενοι
306 1083 497 1154 l.112.'Vlll‚
514 1089 565 1149 ur
584 1089 713 1146 omnibus
734 1089 763 1146 in
786 1087 865 1147 libris
887 1095 964 1148 recte
983 1090 1170 1152 relineanlur.
1191 1121 1234 1130 —-

103 1171 135 1228 ln
153 1171 355 1250 Hippocraieis
376 1173 489 1249 quidem
512 1175 619 1232 nostris
644 1173 851 1254 exemplaribus
881 1194 937 1231 non
965 1173 1057 1232 solum
1085 1171 1232 1251 ἐμπιπλεῖ,

103 1256 184 1312 utin
209 1255 329 1314 Hesiod.
343 1253 457 1332 Theog.
480 1263 533 1316 880
553 1260 744 1338 πιμπλειίσαι,
766 1259 819 1329 sed
841 1259 926 1316 etiam
948 1257 1101 1338 ἓμπιπλείς
1119 1257 1234 1334 legitur,

103 1339 256 1396 clamori).
277 1339 316 1412 ll,
333 1360 363 1418 p.
384 1345 449 1414 464,
463 1345 506 1404 26.
520 1345 582 1404 466.
605 1348 634 1399 εἰ
655 1341 846 1420 ἐμπιπλῶντα
864 1343 932 1400 dud.
952 1362 983 1420 p.
1002 1348 1067 1418 464,
1084 1348 1135 1408 62;
1157 1342 1233 1400 lraud

103 1423 245 1498 neglectis
267 1421 447 1501 ἐμπίπλησι,
468 1421 666 1501 ἐμπιπλάναι,
694 1421 842 1505 ἐμπιπλᾶς
863 1423 918 1484 εἰσ.
939 1433 994 1486 etc.
1018 1427 1056 1484 σί.
1079 1427 1115 1484 de
1139 1425 1231 1484 Mori).

103 1503 143 1580 ll,
165 1525 194 1583 p.
218 1511 280 1580 462,
302 1512 346 1566 46.
369 1513 432 1582 466,
454 1515 498 1567 20.
520 1513 581 1568 467.
603 1515 654 1570 466
677 1517 707 1567 et
729 1511 805 1569 alibi.
833 1541 876 1555 ··-
904 1511 1008 1588 Neque
1031 1510 1116 1569 etiam
1136 1511 1233 1567 Hero-

103 1588 221 1647 doteum
243 1611 308 1650 esse
329 1600 399 1670 puio
423 1593 500 1669 quod
520 1593 597 1653 Vlll.
621 1597 671 1653 109
695 1597 779 1655 codd.
803 1593 843 1659 Μ.
862 1594 895 1652 Ρ.
913 1593 952 1655 Κ.
973 1591 1130 1673 ἐμπιπρείς
1149 1611 1234 1673 prae-

101 1672 174 1730 beor
194 1693 248 1752 pro
267 1673 384 1749 vulgato
404 1673 564 1758 λμπιπρᾶς,
584 1679 632 1737 ubi
652 1679 715 1737 cod.
730 1679 768 1737 F.
783 1671 983 1758 ίμπιπρησας,
1004 1680 1080 1756 quod
1102 1679 1139 1735 ud
1161 1677 1234 1736 alie·

102 1773 165 1814 rum
188 1753 348 1840 ἐμπιπρᾶσι
376 1755 430 1819 nos
457 1761 552 1836 ducii,
583 1763 664 1839 cujus
690 1765 885 1840 imperfectum
908 1761 1077 1840 ἐνεπίπρων
1102 1761 1233 1840 (ἐνεπίμ-

102 1837 227 1919 πρωνί)
251 1845 280 1902 in
301 1843 431 1920 Xenoplr.
451 1845 528 1902 Hell.
548 1851 576 1918 6,
594 1851 623 1918 2,
645 1853 680 1904 22
701 1847 846 1922 vulgatum
868 1853 931 1921 cst,
949 1865 1042 1923 aeque
1059 1865 1123 1904 nou·
1137 1847 1233 1904 Hero-

100 1925 230 2004 doteum.
276 1927 371 1993 Quare
389 1928 454 2002 jure
478 1927 583 1985 merito
604 1929 672 2012 ἱστᾷ
692 1933 768 2008 apud
788 1929 966 1989 Herodotum
992 1929 1111 1992 lV.103
1133 1931 1232 2006 vulga-

101 2013 163 2064 tum
184 2008 213 2064 in
235 2011 428 2086 suspicionem
450 2011 543 2069 vocari
565 2013 663 2086 debet,
688 2033 744 2092 pro
767 2033 824 2090 quo
845 2015 1012 2073 Herodotus
1042 2015 1105 2094 ipse
1133 2014 1234 2093 procul

102 2090 192 2148 dubio
213 2091 312 2168 iocum
331 2094 445 2172 posuit,
475 2101 505 2152 ut
527 2093 564 2158 ll.
587 2101 620 2155 95
638 2098 744 2174 ’ίστησι
760 2099 903 2174 vulgatum
925 2105 987 2160 erat
1008 2106 1038 2157 et
1062 2099 1097 2160 V.
1121 2105 1155 2158 16
1172 2091 1234 2160 τίπ-

103 2177 212 2252 ίστησι.
256 2175 294 2234 Ei
311 2183 388 2235 recte
406 2179 543 2254 feceruut,
565 2181 613 2256 qui
633 2181 672 2240 ll.
688 2187 743 2242 143
759 2184 900 2261 scriptura
911 2183 1032 2242 Aldinae
1053 2193 1082 2242 et
1104 2185 1233 2242 codicum

101 2259 134 2316 S.
156 2260 194 2318 V.
217 2279 244 2317 a.
266 2282 290 2317 c.
321 2259 389 2348 ίστᾷ
412 2262 526 2340 relicta,
554 2265 673 2327 alterum
693 2267 810 2329 ἵσταται
834 2269 1006 2327 auclorilate
1030 2269 1116 2327 codd.
1137 2267 1179 2328 M.
1200 2266 1232 2328 P.

101 2341 141 2400 K.
161 2343 198 2400 F.
222 2344 249 2400 b.
276 2345 304 2402 d.
325 2348 461 2405 munitum
488 2357 673 2426 receperunt3
705 2357 735 2412 et
762 2357 839 2422 recle
868 2352 934 2411 olim
962 2352 1074 2430 uulgata
1096 2353 1234 2424 ίστιᾶντες

101 2425 149 2484 lV.
167 2431 228 2486 129.
271 2427 374 2492 ἶσταίσι
400 2429 445 2492 lll.
470 2438 506 2491 24
522 2429 599 2512 (fio.)
619 2434 675 2510 (sic
689 2433 756 2492 Ald.
774 2443 802 2494 et
817 2436 882 2492 cod.
898 2437 947 2514 c.).
989 2437 1132 2499 ἐπιστᾶσι
1153 2437 1230 2516 (cod.

100 2508 144 2588 b.)
170 2513 216 2568 vel
237 2511 426 2591 ἐαιστεᾶαι*)
449 2515 527 2591 (eorl.
546 2513 593 2594 S.)
622 2517 672 2575 Vl.
693 2523 728 2576 38
756 2516 921 2596 posthabita
949 2526 1017 2576 sunl
1045 2539 1122 2577 nunc
1150 2519 1232 2578 edilis

102 2589 238 2669 ἱστᾶντες
261 2597 319 2676 (εἰσ
340 2600 425 2656 codd.
449 2601 480 2658 S.
499 2591 539 2658 V.
559 2600 593 2666 Ρ,
613 2599 653 2660 K.
675 2601 715 2658 M.
738 2603 771 2659 F.
795 2602 921 2678 Paris),
944 2602 1043 2664 ίστᾶσι
1069 2601 1123 2677 (εἰσ
1145 2603 1232 2660 codd.

100 2677 141 2743 M.
164 2677 199 2740 Ρ.
221 2681 258 2738 K.
281 2679 332 2758 V.)
357 2690 389 2740 et
408 2681 553 2745 ἐπιστᾶσι.
594 2683 660 2744 Νεσ
688 2685 779 2744 minus
802 2685 972 2764 irnperl'ecirr
987 2687 1108 2748 κατίστα
1128 2683 1175 2743 VI.
1197 2689 1234 2742 43

103 2767 134 2820 et
154 2763 224 2840 ίστα
245 2767 280 2823 61
306 2765 335 2822 in
362 2767 485 2842 genuina
510 2765 677 2826 Herodotea
698 2770 827 2826 oratione
847 2767 963 2828 tolerari
980 2773 1120 2848 possunt,
1147 2787 1233 2845 quum

102 2839 210 2923 ᾶνίστη
239 2847 262 2918 l.
291 2852 354 2910 196.
384 2842 753 2936 11.102”ἐνεπι’μπμη].
778 2845 1233 2936 16(σ1.’8ιιίι1.-ε.ν.1ἰίγης).

101 2927 332 3011 ἐμπιπραμένου
352 2931 376 2991 l.
400 2937 433 2992 19
453 2935 577 2992 omnium
601 2934 735 2994 librorum
762 2938 932 2996 auctoritate
959 2938 1102 3014 nitantur,
1129 2944 1159 2996 et
1179 2942 1232 3017 pro

102 3013 172 3076 ίστα
202 3013 275 3073 male
303 3015 418 3094 vulgato
449 3017 483 3082 ll.
514 3024 564 3078 106
591 3019 678 3078 codd:
705 3022 738 3081 S.
763 3021 792 3079 b.
821 3040 917 3080 verum
940 3022 1009 3104 ἰ’στη
1039 3021 1233 3102 praebuerint.

67 3154 70 3159 ,
100 3093 228 3159 Famae
248 3099 321 3160 enirn
342 3110 531 3190 apraesenie
552 3104 580 3162 in
602 3101 646 3170 ῐό
666 3112 787 3165 exeunte
807 3105 993 3166 deducendae
1020 3127 1078 3166 non
1099 3105 1234 3167 Herodo-

102 3187 168 3243 teae
190 3187 275 3260 sunt',
295 3187 347 3244 sed
369 3185 445 3262 aliis,
468 3187 605 3268 imprimis
628 3191 832 3251 recentioribus
854 3191 1057 3269 relinquendae
1084 3191 1120 3258 ci,
1141 3192 1233 3270 Popp.

102 3267 140 3322 ad
168 3265 332 3342 Thucydid.
358 3271 442 3348 Vlll,
466 3277 519 3348 64,
543 3279 559 3330 5
587 3280 617 3333 et
644 3279 1007 3352 germanicopoleos,
1040 3276 1089 3350 qui
1117 3277 1233 3353 saepius

102 3349 209 3406 talibus
238 3347 337 3407 formis
366 3355 408 3410 usi
437 3363 521 3432 sunt,
548 3357 590 3414 sic
611 3355 693 3416 Eust.
716 3361 753 3416 ad
776 3359 811 3417 ll.
834 3355 860 3418 ν’
882 3378 924 3420 vs,
948 3361 998 3418 745
1022 3359 1117 3419 foedo.
1149 3359 1231 3415 Suid.
1353 3423 1354 3426 ,

103 3451 128 3490 8·
154 3453 182 3493 v·
212 3425 359 3509 ᾶφῖστων.
397 3455 421 3494 ³·
449 3456 477 3494 v·
504 3437 667 3514 πίμπλαται
694 3439 747 3502 καί
768 3435 1013 3518 τίπσπίμπλαται·
1041 3437 1171 3518 ἐμπιπλᾶ
1193 3440 1234 3501 di.

100 3511 225 3576 Plotius
254 3513 373 3596 Excerp.
402 3537 438 3577 ex
462 3519 581 3578 Ctesiae
608 3522 688 3580 l’ers.
716 3524 732 3596 5
760 3529 795 3580 52
824 3519 956 3604 (Baehn)
985 3515 1146 3598 ᾶφιστοίσι.
1184 3523 1234 3598 §6

105 3597 238 3664 ίστᾶσιν.
269 3601 404 3680 Ροίγτεα,
422 3601 456 3678 V,
475 3605 511 3662 63
533 3605 664 3668 καθίστα
686 3603 746 3684 (alii
769 3603 920 3684 ιιαθῆιιτν)
942 3607 978 3666 cl.
1001 3605 1101 3665 Matri.
1124 3627 1167 3684 gr.
1181 3626 1233 3684 ¹gr.
1267 3620 1272 3638 “

104 3683 131 3760 Ι,
150 3707 182 3764 p.
198 3689 260 3746 484.
269 3681 316 3764 **)
347 3683 576 3763 Βείξεπίστεαι
596 3689 659 3753 Vll.
678 3695 739 3752 104.
763 3696 824 3753 135.
844 3686 1015 3765 ἐξεπίστασο
1031 3689 1092 3752 Vll.
1115 3697 1158 3752 39.
1182 3689 1234 3756 ln-

104 3765 209 3831 ίστασο
231 3767 291 3828 Vll.
310 3775 365 3830 269
387 3777 415 3829 et
436 3773 473 3831 de
494 3771 608 3838 ίστίατσ
628 3776 687 3852 jam
705 3791 791 3856 supra
812 3780 857 3834 est
877 3775 994 3836 dictum.

188 3853 310 3912 Tertiae
330 3855 448 3934 pluralis
468 3851 730 3938 praeceniis‘acliri
748 3855 824 3918 nulla
838 3860 894 3918 alia
915 3862 990 3940 apud
1011 3868 1139 3920 nostrum
1162 3860 1234 3936 legi-

105 3936 174 3996 tima
191 3940 282 3996 forma
303 3959 368 3998 esse
388 3947 486 4022 potest
513 3961 598 4022 quam
619 3945 745 4022 vulgaris
765 3945 881 4020 ἰστᾶσι,
911 3964 985 4024 quae
1011 3947 1108 4002 dativo
1134 3941 1234 4020 plurali

103 4022 246 4100 participii
266 4024 413 4084 masculini
430 4027 620 4108 respondens,
642 4035 673 4087 ut
693 4027 756 4087 illae
776 4029 849 4089 aliae
871 4030 1061 4108 hujuscemodi
1084 4028 1235 4087 verborum

106 4101 192 4180 ίεῖσι,
213 4113 339 4184 τιθεῖσι,
364 4113 502 4187 διδοῦσι,
526 4115 676 4189 δεικνῦσι,
699 4121 728 4173 εἰ
752 4115 883 4192 analogia
905 4119 935 4174 et
954 4112 1089 4173 librorum
1110 4109 1233 4172 auctori·

106 4229 311 4248 w

171 4301 682 4443 ppprdcpppyppdppl’lpplepzvm·
772 4446 775 4458 ,
797 4414 799 4424 J
