2984 5042
462 305 508 366 ue
529 264 651 368 dialecto
673 307 838 369 Herodotee
858 309 905 370 lib.
927 310 951 372 l.
1183 395 1188 410 Ι
1233 301 1273 366 87

143 492 207 532 rum
227 473 363 550 quidem,
390 474 438 549 qui
468 474 522 532 soli
551 474 623 552 ipsis
644 472 681 532 ab
708 474 868 532 editoribus
893 475 1046 536 Herodoti·
1061 482 1126 537 sunt
1146 475 1280 554 inspecti,

143 557 169 618 F
191 563 221 618 et
242 559 285 632 S.‚
306 577 393 634 quum
413 559 530 636 saepius
555 565 694 622 taceatur,
718 560 786 636 quid
810 559 838 614 in
860 557 905 618 bis
927 559 1063 634 scriptum
1084 566 1186 636 exstet,
1209 561 1279 636 quid

141 661 200 701 nou
218 640 360 718 exstet*),
380 643 472 702 nostri
494 643 580 718 igitur
594 643 754 706 Herodotei
777 642 893 700 codices
915 643 954 700 ite
975 644 1130 719 comparati
1151 652 1229 719 erint,
1248 648 1280 702 ut

141 726 191 786 ubi
213 745 286 784 unus
311 733 361 786 erit
387 727 459 785 alter
479 727 677 786 Herodoteum
704 727 847 804 quandam
871 726 988 782 formum
1009 727 1143 802 praebet,
1172 728 1211 784 ibi
1232 729 1278 784 ulii

145 810 268 869 Atticam
285 818 336 870 aut
355 811 438 870 aliato
459 810 612 886 quamlibet
633 811 759 868 sednon
779 810 975 867 Herodoteenr
993 807 1158 886 exhibeant,
1180 817 1211 868 et
1232 813 1279 870 nbi

143 894 180 967 ii,
206 896 254 972 qui
283 897 370 954 ruodo
388 896 488 971 ulique
517 896 547 953 in
574 895 639 954 loco
662 895 814 972 genuinam
835 893 980 952 habebunt
1008 894 1194 970 scripturam,
1222 913 1279 954 nos

143 977 336 1046 Herodoteam
358 979 516 1056 praebent,
537 979 575 1036 ibi
598 979 636 1053 ii,
660 979 708 1054 qui
730 980 816 1037 rnodu
835 977 925 1042 ,salsos
948 976 1105 1053 scripturas
1126 977 1280 1054 habebunt,

143 1069 240 1122 rectas
252 1064 419 1140 praebeant.
459 1063 516 1124 ¹Cui
534 1061 692 1136 variationi,
715 1081 800 1137 qutun
816 1062 929 1119 ruinirne
945 1059 1028 1120 nobis
1043 1067 1170 1118 statuere
1187 1061 1279 1137 liceat,

142 1147 322 1208 Herodotum
342 1148 416 1206 idem
439 1146 606 1204 vocabulum
627 1146 887 1221 voculurlorumquo
903 1165 993 1220 gentis
1013 1146 1100 1202 ruodo
1118 1146 1173 1212 buc
1194 1147 1280 1207 modo

142 1229 190 1288 illa
211 1231 304 1288 forma
327 1250 499 1308 usurpasse,
521 1237 549 1288 et
571 1250 655 1306 quum
679 1249 778 1308 purum
799 1230 934 1308 praesidii
957 1229 1024 1285 insit
1045 1229 1165 1304 siugulis
1188 1231 1221 1286 iu·
1236 1229 1279 1286 lo-

142 1316 201 1386 cis,
218 1316 284 1372 sic
303 1315 509 1382 occrureudunr
536 1333 601 1370 esse
623 1314 750 1386 ridetur,
778 1320 809 1370 ut
834 1313 962 1372 collectis
988 1313 1072 1369 unius
1092 1315 1279 1390 ejusdemque

141 1397 274 1456 vocabuli
292 1398 551 1472 vocabulorumque
573 1396 687 1470 generis
708 1397 844 1476 exemplis
868 1395 1008 1472 omuibus,
1030 1399 1141 1457 ratione
1163 1417 1280 1474 quoque

135 1483 174 1554 jn
192 1481 260 1539 loco
281 1481 568 1557 codicumscriptura
583 1479 697 1554 babitu,
719 1499 855 1538 sumtuum
878 1481 1019 1556 quendam
1042 1481 1086 1538 rel
1108 1483 1279 1560 deprauata·

144 1585 208 1622 rum
229 1564 275 1622 vel
293 1570 433 1629 rectarum
455 1563 609 1625 toronum
629 1565 819 1630 subducamus
837 1571 924 1640 utque
947 1565 1136 1639 conteremus,
1155 1568 1278 1642 indeque

144 1650 260 1708 codices
282 1649 363 1725 ipsos
383 1650 459 1706 inter
473 1667 507 1713 se
527 1649 716 1710 conciliemus.
760 1648 922 1708 Restabuut
935 1655 1028 1709 tamen
1046 1649 1186 1708 interdum
1204 1670 1277 1708 nern-

139 1731 209 1790 nulli
238 1732 311 1806 loci,
331 1733 386 1809 ¹ubi
417 1733 531 1792 codices
555 1753 653 1792 omnes
679 1753 787 1792 summo
809 1752 951 1790 consensu
980 1732 1017 1808 (si
1041 1733 1113 1792 enim
1136 1734 1276 1796 silentium

139 1835 257 1892 eorum,
279 1817 327 1892 qui
349 1817 478 1876 codicum
501 1816 739 1880 conserendorum
760 1837 861 1874 mutuus
882 1818 910 1874 in
937 1837 968 1873 se
991 1825 1193 1894 susceperuut,
1221 1837 1276 1896 pro

139 1919 283 1959 ctrnsensu
300 1906 354 1958 :est
383 1899 558 1979 babendum)
588 1908 688 1960 contra
716 1901 914 1970 Herodotenm
937 1921 1018 1958 usum
1041 1902 1183 1968 nituntur3
1213 1903 1276 1975 sed,
1338 1969 1340 1973 ,

138 2003 239 2060 quum,
259 1990 293 2043 nt
313 1987 454 2062 pessimus
476 2004 679 2061 nonnunquam
697 2005 759 2043 utrm
781 1985 1035 2062 praestantissimis
1054 1986 1218 2063 conspirare
1233 1987 1275 2042 vi·

137 2069 232 2126 dim'us
253 2075 282 2126 et
295 2071 419 2148 optimos
436 2068 508 2130 salse
525 2069 697 2140 exhibuisse,
719 2069 760 2128 sic
782 2069 868 2127 etiam
887 2067 947 2126 fieri
965 2069 1104 2145 potuerit,
1124 2075 1155 2128 ut
1176 2089 1275 2128 ornnes

139 2154 311 2230 superstites
337 2153 507 2230 quibusdam
538 2153 566 2210 in
595 2155 667 2211 locis
692 2155 767 2212 malo
793 2154 830 2210 de
853 2152 1004 2230 exemplari
1033 2152 1275 2232 describerentur,
1355 2166 1358 2170 ’

139 2235 268 2313 moleque
291 2239 434 2314 descripte
457 2244 653 2310 seruarentur,
667 2237 745 2308 nibil
766 2257 820 2296 nos
841 2237 980 2315 impedire
1001 2237 1104 2311 video,
1124 2238 1276 2315 quominus

138 2319 200 2378 istis
225 2323 256 2378 in
277 2321 366 2395 locis,
393 2320 547 2378 dummodo
570 2321 707 2395 pleraque
727 2320 855 2399 exempla
878 2320 994 2396 regulae
1013 2340 1047 2378 ac
1066 2341 1184 2380 normae
1209 2341 1275 2380 sese

137 2403 432 2474 accommodaverim,
462 2421 581 2478 prorsus
610 2403 737 2460 corticum
758 2401 830 2464 Mss.
861 2405 1059 2461 auctoritatem
1084 2405 1275 2481 negligamus,

193 2581 242 2647 .*)
260 2579 329 2634 Vide
345 2579 530 2633 praelationes
546 2577 707 2648 Wesseliug.
727 2585 754 2632 et
773 2577 925 2647 Schweigh.
950 2608 986 2617 -
1011 2579 1124 2646 struve,
1142 2582 1222 2662 spec.
1240 2581 1274 2648 ΙΙ,

136 2669 167 2722 p.
189 2650 238 2713 153
257 2648 308 2713 111,
325 2668 353 2719 p.
372 2648 466 2706 tet5.
483 2677 519 2686 ——
537 2651 596 2714 Qua
615 2649 642 2700 in
661 2648 800 2701 occasione
816 2649 907 2699 facere
925 2663 976 2699 non
994 2664 1109 2716 possum,
1128 2664 1191 2717 qum
1209 2665 1275 2718 quo-

136 2736 182 2772 rar
200 2719 233 2770 de
251 2716 432 2770 illiberalitute
450 2719 562 2786 quadarn
582 2729 609 2771 et
627 2717 819 2784 occultatione,
842 2717 868 2767 in
886 2733 938 2784 qus
957 2715 1105 2769 absconditi
1123 2717 1276 2786 plerunque

137 2785 285 2840 retinentur
303 2787 408 2839 codices
426 2787 600 2856 manuscripti
622 2785 657 2838 iis
679 2786 710 2838 in
725 2785 804 2852 lou'u,
829 2785 875 2838 ubi
899 2782 978 2837 semel
1004 2793 1067 2838 sunt
1080 2785 1176 2854 positi.
1212 2786 1274 2840 Mes

138 2855 242 2925 quidem
268 2873 301 2908 ex
322 2854 454 2909 sententia
477 2873 566 2908 onnes
591 2860 887 2924 quotquot.supersuut
909 2853 1027 2920 cujusvis
1050 2853 1143 2924 scripti
1168 2855 1274 2908 codices

138 2923 310 2994 manuscripti
328 2923 449 2979 omnibus
467 2941 525 2978 cum
544 2923 619 2978 vitiis
638 2923 811 2992 omnibusque
829 2939 886 2975 curn
904 2921 997 2992 signis,
1018 2919 1129 2990 lineolis,
1148 2923 1272 2978 ductibus

137 2992 334 3046 accuratissime
352 2991 609 3062 diligentissimeque
625 2991 700 3062 typis
718 2991 886 3046 describendi
897 2998 967 3059 sunt,
988 2994 1017 3044 s't
1034 3007 1122 3044 eorum
1141 2993 1272 3062 exempla-

137 3061 178 3117 ria
192 3078 281 3114 ornnes
299 3063 326 3114 in
344 3073 431 3116 terras
448 3079 589 3130 omnesque
600 3061 627 3113 iu
645 3059 819 3115 bibliothecas
837 3061 1001 3128 omniumque
1017 3060 1046 3112 in
1065 3075 1156 3114 rnauus
1172 3061 1271 3114 dimitti

137 3130 250 3200 possint.
287 3131 478 3184 Obmutescent
493 3137 548 3182 turn
565 3121 707 3200 querelae,
722 3129 847 3188 ,tonans
870 3146 939 3182 nuuc
961 3130 1065 3196 quidem
1082 3129 1211 3184 interdurn
1229 3131 1271 3184 iu·

114 3210 216 3322 'tlt’
235 3197 281 3320 tt
298 3197 1272 3338 {titi’ulilitttrdiuitissil‘ttt’,studuit

916 3306 924 3333 ἲ

137 3343 167 3388 et
194 3337 322 3406 temporis
350 3337 498 3391 rationibus
525 3337 636 3406 ductus,
666 3341 696 3388 ut
723 3335 801 3388 iidem
828 3335 933 3391 codices
957 3333 1041 3398 urso,
1065 3335 1148 3387 donec
1166 3353 1181 3388 e
1199 3353 1269 3390 com-
1370 3368 1377 3380 =

138 3404 267 3458 munitate
285 3405 409 3474 disjuncti
428 3405 605 3472 occultentur,
630 3421 679 3458 sus
696 3413 791 3474 sponte
829 3411 902 3457 stent
918 3403 992 3468 iore,
1013 3409 1043 3454 ut
1058 3419 1162 3472 semper
1179 3407 1269 3456 eodem

139 3471 217 3525 ruodo
234 3473 393 3542 conterendi,
413 3475 528 3528 novendi
541 3482 568 3528 et
580 3473 695 3527 iterandi
709 3473 770 3525 sint.
807 3423 876 3525 'l'uru
895 3471 973 3524 etiam
990 3471 1102 3524 celerius
1120 3488 1151 3523 so
1165 3472 1269 3528 lelieius

139 3539 260 3593 omnibus
277 3543 304 3594 iu
322 3543 444 3610 pertibus
465 3542 632 3612 antiquitatis
655 3541 802 3596 studiorum
820 3554 873 3594 nos
885 3540 1075 3608 procedemus,
1101 3540 1201 3610 quippe
1223 3544 1270 3610 qui

137 3626 230 3662 onnes
248 3627 296 3664 nos
312 3611 397 3665 odedi
415 3611 552 3680 primarios
569 3614 676 3676 tontes,
693 3611 807 3662 omnium
824 3618 878 3662 turn
895 3609 923 3660 in
941 3607 1163 3676 disputationibus
1180 3613 1269 3678 quoti-

136 3679 183 3732 die
202 3677 334 3748 agitatos3
348 3695 383 3732 ac
394 3681 550 3750 sperandum
568 3687 626 3745 est,
642 3680 703 3732 ,lore
721 3683 792 3747 turo,
810 3685 852 3741 ut,
869 3676 1046 3731 fundamentis
1064 3675 1164 3730 firmius
1178 3679 1269 3748 jactis,

137 3747 265 3801 altissima
289 3764 409 3818 quaeque
431 3749 496 3802 baec
520 3755 612 3800 nostru
632 3747 721 3800 studia
739 3754 884 3816 oppetant,
908 3747 1084 3816 majoremque
1105 3746 1132 3798 in
1157 3747 1267 3815 gloriam

137 3816 312 3888 laudemque,
337 3834 407 3870 nunc
426 3818 530 3887 quidem
556 3817 585 3868 in
608 3815 664 3868 dies
687 3815 771 3882 magis
787 3815 823 3867 iis
839 3813 967 3868 immerito
987 3823 1125 3884 negatam,
1149 3818 1268 3870 veniunt.

135 3887 217 3954 Atqui
235 3885 562 3953 inscriptiones‘reterum
579 3900 666 3936 nonne
683 3885 753 3936 sicut
769 3883 896 3938 inventae
908 3891 971 3938 sunt
981 3884 1055 3953 typis
1081 3883 1269 3941 describendas

136 3959 265 4008 curamnt
282 3963 315 4007 se
331 3955 447 4008 curanti
481 3955 579 4008 Nonne
595 3952 643 4006 ulii
660 3951 767 4020 quidam
786 3953 890 4006 codices
903 3953 970 4010 lllss.
990 3951 1078 4022 paullo
1096 3961 1158 4019 post
1175 3952 1267 4005 inven-

135 4029 189 4076 taur
205 4024 425 4094 typographicam
442 4029 549 4092 estem,
571 4021 609 4074 sic
631 4029 662 4074 ut
680 4027 771 4086 erent,
794 4022 924 4090 exscripti
944 4029 1009 4074 sunt
1030 4019 1119 4086 typis,
1144 4027 1173 4069 ut
1197 4018 1268 4072 nulla

133 4091 208 4158 juste
226 4095 343 4162 reraqtie
360 4107 439 4144 ceusu
455 4091 519 4144 mibi
536 4089 641 4159 quidem
659 4090 768 4142 subesse
785 4089 916 4155 videatur,
935 4107 983 4142 cur
1000 4089 1077 4140 etium
1096 4085 1155 4135 eliis
1168 4085 1268 4138 codici-

135 4161 185 4213 bus
202 4161 302 4234 msjore
319 4178 378 4214 curu
396 4161 553 4213 detrimento
576 4157 603 4210 id
629 4157 785 4212 beneficium
812 4161 973 4226 denegetur,
1004 4153 1161 4233 praesertim
1187 4171 1266 4222 quum

134 4231 215 4284 etism
232 4229 278 4283 slii
296 4231 337 4284 bis
354 4231 382 4283 in
399 4229 493 4282 studiis
511 4243 625 4282 summae
642 4226 810 4279 auctoritatis
827 4227 879 4278 riri
897 4225 993 4278 uostris
1010 4221 1171 4287 tenporibus
1190 4223 1216 4272 in
1235 4225 1266 4276 li-

134 4299 192 4352 bris
212 4306 330 4354 veterum
356 4317 372 4354 s
392 4297 528 4352 codicibus
548 4296 614 4351 Mss.
639 4295 750 4366 primunr
774 4295 882 4348 edendis
906 4293 1005 4346 uersuti
1024 4303 1107 4370 quarn⁸
1116 4286 1267 4346 fidelissime

135 4368 221 4438 prims
238 4367 267 4422 in
287 4367 404 4428 editione
422 4366 540 4422 codicum
558 4363 716 4434 scripturum
734 4363 894 4417 reddendam
912 4377 970 4414 esse
989 4364 1148 4414 censuerunt.
1168 4423 1171 4428 Ι
