2980 5032
447 287 491 346 De
511 287 630 346 dialecto
654 283 817 346 Herodotus
838 286 886 344 lib.
914 287 935 348 Ι.
1210 281 1249 344 15

114 459 155 532 είς
173 452 279 520 Ἀσίαν
300 455 464 532 κληθῆναι
476 448 644 526 Βιθννοάς,
666 451 717 514 soi
742 446 820 514 sium
849 445 919 531 παρ’
942 445 1046 523 αὐτοῖς
1059 445 1251 532 ’χρηστήριον

112 541 234 621 Ἄρεος)
261 540 347 610 διατιΙ
360 535 556 596 Herodoteum
577 537 668 595 iocum
690 537 836 596 laudantes
867 535 971 596 nudam
999 535 1181 608 observarunt
1204 536 1250 594 laic

115 629 250 686 lacunam.

197 721 259 782 Alia
279 722 361 780 etiam
382 721 413 777 in
434 721 534 778 eodem
555 719 626 776 libro
649 720 768 796 septimo
793 739 816 778 c.
841 725 892 778 lot
916 727 1007 778 exstat
1032 721 1146 779 lacuna:
1170 719 1250 799 ἔχον-

115 833 163 881 τος
192 805 225 868 δὲ
247 800 459 882 Ἱπποκράτεος
486 799 542 880 rq'v
569 805 744 882 τυραννίδα,
775 801 794 864 u‘
817 803 918 864 Γέλων
950 801 1007 865 triu
1038 805 1169 882 Τηλίνεω
1195 809 1251 866 τοῦ

117 889 287 972 ἱροφάντεω
309 883 474 964 άπάγονος,
505 890 638 967 πολλῶν,
654 880 713 962 μετ’
740 883 840 947 άλλων
871 887 922 948 καλ
952 885 1165 966 Αἰνησιδήμου
1195 893 1252 949 rori
1324 895 1328 936 :

117 978 285 1048 Παταλκοῦ,
307 969 342 1045 da
362 966 403 1050 ἦν
425 967 598 1050 δορυφόρος
613 966 821 1050 Ἱπποκράτεος
832 1013 962 1028 .........
1058 968 1133 1051 μετά
1157 969 1190 1032 δὲ
1213 966 1252 1033 ori

116 1057 228 1124 πολλάν
245 1051 357 1138 χρόνον
378 1051 417 1116 δι’
439 1050 549 1134 άρετην
567 1050 719 1132 ἀπεδέχθη
741 1051 843 1132 πάσης
862 1059 918 1133 τῆς
937 1055 1035 1117 ἵππου
1051 1052 1129 1118 εἶναι
1142 1056 1253 1135 ἵππαρ-

116 1169 173 1224 χος.
217 1142 390 1202 Exciderunt
411 1141 507 1214 verba,
529 1157 641 1196 causam
663 1141 865 1214 rationemque,
887 1155 961 1214 quae
972 1139 1111 1198 Gelonem
1132 1141 1203 1198 inter
1223 1148 1253 1198 et

117 1231 316 1308 Hippocratem
341 1229 427 1300 atque
448 1223 517 1282 alios
538 1224 768 1293 intercesserant,
795 1218 961 1300 indicantia,
991 1225 1134 1298 quomodo
1160 1223 1253 1282 Gelon

117 1331 182 1391 prae
204 1311 302 1370 ueteris
311 1309 421 1390 ‚virtute
436 1307 616 1384 excelluisset‚
626 1326 700 1382 quos
715 1308 836 1366 honores
847 1307 924 1384 prius
941 1313 1016 1366 esset
1028 1309 1158 1384 adeptus,
1170 1327 1255 1382 quam

118 1399 143 1454 ei
164 1395 270 1474 imperii
292 1409 400 1450 summa
424 1393 512 1450 totius
534 1393 673 1468 equitatus
699 1393 862 1450 deterretur.
911 1389 979 1449 Non
1005 1393 1119 1466 quidem
1142 1393 1254 1468 ignoro,

119 1482 203 1538 inisse
223 1481 323 1537 doetus
345 1475 481 1553 homines,
497 1476 555 1552 qui,
576 1477 741 1554 pronomine
765 1477 881 1534 relativo
903 1472 940 1548 ὅς
958 1475 1063 1552 deleto,
1083 1475 1188 1534 nullum
1211 1475 1255 1532 hie

119 1565 232 1622 rubum
255 1560 389 1620 erasme
413 1561 618 1620 contenderunt
638 1561 690 1628 (cs.
711 1560 822 1618 Baehrii
846 1558 916 1618 Not.
939 1561 976 1616 ad
996 1561 1026 1618 λι,
1051 1561 1067 1618 l.
1090 1560 1126 1619 T.
1149 1559 1197 1617 lu.
1225 1579 1253 1635 p,

118 1649 194 1726 674),
209 1647 260 1704 sed
284 1645 362 1720 quid,
385 1661 502 1718 quaeso,
527 1645 633 1702 habeut
654 1645 710 1720 isti,
731 1663 791 1718 quo
811 1645 896 1702 verba
913 1645 964 1702 iila
986 1640 1058 1722 μετά
1081 1641 1115 1704 δὲ
1132 1637 1170 1704 ου’
1181 1649 1254 1702 πολ-

119 1727 170 1793 λδυ
194 1727 301 1810 χρόνον
322 1728 464 1786 referant?
491 1725 594 1802 Neque
615 1729 698 1786 etiam
718 1729 783 1786 mihi
804 1730 965 1806 persuaderi
987 1735 1099 1830 potest,
1121 1727 1254 1786 Herodo-

118 1824 177 1872 tum
201 1827 293 1892 paene
316 1812 458 1892 pueriliter
479 1813 518 1872 sie
539 1813 656 1870 dixisse:
673 1811 791 1890 ἔχοντος
806 1811 838 1873 δὲ
854 1812 1064 1891 Ἱπποκράτεος
1078 1805 1254 1890 τήνταραν·

119 1901 189 1961 νίδα
213 1896 233 1960 δ
256 1895 357 1956 Γέλων
377 1887 416 1972 ἦν
438 1891 613 1976 δορυφόρος
632 1891 851 1976 Ἱπποκράτεος·
875 1894 949 1975 μετά
975 1893 1007 1956 δὲ
1027 1891 1064 1957 uri
1089 1892 1200 1956 πολλδν
1225 1917 1254 1956 κ.

119 2007 141 2046 τ,
166 1988 192 2042 λ..
237 1980 320 2046 Quae
343 1997 428 2053 quum
451 1981 489 2038 ita
511 1982 574 2055 sint,
596 1982 755 2038 necessario
783 1983 938 2040 sententiae
959 1982 1022 2038 illae
1043 1981 1128 2038 modo
1150 1997 1255 2056 propo·

119 2070 189 2125 sitae
211 2066 286 2122 iuter
305 2060 515 2142 Ἱπποκράτεος
540 2073 570 2122 et
594 2060 666 2142 μετά
688 2059 726 2125 ori
743 2059 857 2127 πολλόν
875 2066 1013 2124 excidisse
1028 2065 1170 2142 putandae
1181 2069 1256 2121 sunt.

179 2144 184 2155 ,
204 2164 263 2223 Sed
286 2157 471 2220 atiam'etism
490 2165 589 2222 eodem
614 2165 641 2222 in
664 2163 733 2224 iibro
761 2165 882 2244 septimo
913 2167 1005 2224 inesse
1030 2165 1168 2240 lacunam,
1195 2183 1256 2222 om-

120 2267 170 2307 nes
191 2248 294 2322 adhuc,
316 2245 364 2321 qui
388 2241 560 2305 Herodoteis
582 2248 659 2306 libris
680 2249 724 2308 vei
749 2251 865 2308 edendis
892 2250 935 2308 vei
951 2251 1165 2327 interpretandis
1187 2267 1256 2327 ope-

121 2353 179 2390 ram
206 2333 355 2402 dedenunt,
377 2329 460 2406 fugit.

205 2431 270 2488 Uno
290 2431 363 2489 enim
387 2436 485 2490 tenore
507 2429 569 2488 vlt.
597 2433 649 2490 236
681 2431 766 2506 'vulgo
795 2433 834 2488 sic
860 2432 981 2489 eduntur
1007 2432 1077 2492 haec
1105 2435 1202 2491 verba:
1230 2431 1258 2494 εί

122 2509 149 2578 δ’
162 2513 211 2576 ἐπὶ
234 2517 303 2596 τῇσι
325 2507 515 2594 παρεούσῃσι
539 2507 658 2594 τάχησι,
685 2517 745 2574 των
772 2513 836 2584 νίες
863 2508 1089 2592 νεναυηγήκασι
1117 2509 1257 2593 τετρακό-

123 2620 195 2669 σιαι,
215 2593 304 2672 άλλας
325 2596 358 2658 ἐκ
379 2599 435 2659 rori
453 2595 654 2675 στρατοπέδου
671 2599 843 2676 τριηκοσίας
859 2590 1052 2676 άποπίμψεις
1077 2594 1258 2673 περιπλάειν

122 2676 378 2758 Πελοπόννησον,
404 2674 568 2760 άξιάμιιχοί
595 2702 641 2742 τοι
667 2682 799 2762 γίνονται
830 2680 863 2742 oi
892 2673 1060 2745 άντίπαλοι.
1110 2683 1168 2741 Sed
1198 2683 1259 2741 lucc

120 2767 220 2825 clarius
244 2765 310 2822 mihi
332 2782 395 2822 esse
416 2765 536 2837 videtur,
559 2758 667 2848 τάχησι
687 2766 760 2824 inter
781 2771 809 2824 et
829 2767 890 2826 τοῖν
898 2766 1037 2841 quaedam
1054 2767 1199 2841 excidisse,
1221 2767 1260 2826 ad

119 2851 188 2909 illud
224 2852 285 2925 suiv
312 2849 475 2920 reserenda3
510 2867 602 2925 neque
629 2847 802 2908 Valckenarii
825 2851 979 2908 sententiae
1005 2851 1177 2929 adstipulor‚
1211 2851 1259 2928 qui
1305 2919 1312 2934 Ι

119 2953 207 3010 quum
228 2932 296 2990 illud
319 2935 380 2994 τοῖν
401 2951 434 2990 ex
450 2931 521 2990 maie
546 2933 664 3010 repetita
690 2936 766 2990 vocis
788 2933 981 3010 subsequentis
1004 2931 1098 3013 (νέες)
1119 2935 1212 2995 littera
1226 2935 1259 3000 ἶν’

120 3024 213 3076 ortum
236 3021 358 3094 putaret,
375 3019 420 3114 spi
441 3017 515 3091 (cui)
537 3017 730 3094 reponendum
755 3037 816 3076 esse
837 3019 952 3078 censuit.
986 3019 1045 3076 Sed
1063 3011 1260 3097 praeterquam

120 3103 200 3176 qnod
220 3099 289 3158 illud
313 3095 365 3181 spi,
382 3118 404 3157 ει
429 3100 618 3178 recipiendum
640 3109 723 3177 esset,
741 3102 823 3178 piane
844 3102 935 3161 alieno
954 3101 1017 3160 loco
1036 3105 1158 3180 positum
1174 3114 1260 3177 esset,

120 3186 288 3244 Herodotus
308 3184 390 3240 ,enirn
412 3183 481 3262 ipse,
503 3183 613 3262 opinor,
636 3190 696 3242 tum
719 3186 758 3243 sic
779 3185 872 3264 potius
898 3186 1025 3244 dixisset:
1041 3188 1068 3248 εί
1088 3185 1122 3248 δὲ
1144 3184 1193 3263 οδ,
1215 3193 1260 3270 τῷ

120 3267 195 3346 νέες,
212 3290 239 3327 κ.
267 3290 293 3330 τ.
319 3269 357 3338 λ.,
378 3268 462 3326 etiam
484 3274 561 3326 totus
581 3269 779 3328 sententiarum
804 3288 891 3327 uerus
912 3290 965 3328 nos
987 3275 1064 3330 vetat
1083 3273 1149 3350 ipsis
1176 3291 1259 3330 voca-

119 3353 195 3410 bulis
217 3351 384 3425 pronomina
405 3352 564 3427 personalia
585 3354 746 3432 exprimere.
784 3353 866 3421 Quae
880 3373 966 3432 quum
982 3356 1021 3412 ita
1044 3355 1108 3431 sint,
1130 3353 1261 3434 equidem

121 3437 187 3493 ταῖν
213 3431 257 3489 vel
277 3433 429 3504 genitivum
449 3437 638 3511 possessivum
658 3437 702 3494 vei
732 3437 884 3514 genitivum
915 3439 1077 3518 partitivum
1100 3459 1161 3499 esse
1186 3442 1259 3500 duco

123 3517 186 3591 ejus
207 3516 395 3654 summaetpel
416 3517 475 3592 ejus
494 3519 534 3576 rei
555 3519 764 3602 hominumque,
785 3541 904 3600 quorum
930 3523 959 3581 in
984 3522 1083 3584 lacuna
1105 3523 1154 3584 illa
1182 3545 1260 3586 meu·

121 3602 164 3657 tio
184 3605 246 3656 erat
266 3595 338 3672 injec
369 3638 376 3653 .

208 3714 336 3774 Medium
356 3719 450 3774 autem
474 3715 567 3774 locum
585 3719 658 3776 inter
679 3713 794 3780 iacunas
823 3727 852 3780 et
883 3723 1130 3802 interpolationum
1158 3743 1263 3802 genera

122 3805 263 3876 occupent
285 3799 304 3856 ii
324 3798 389 3876 ioci,
410 3801 438 3857 in
459 3799 599 3858 nonnouts
619 3801 689 3864 Mss.
716 3805 807 3885 obvii,
831 3805 877 3864 ubi
909 3809 1082 3868 narrationes
1112 3813 1262 3885 quaedam,

121 3883 161 3942 ab
182 3883 332 3942 Herodoto
353 3884 416 3962 ipso
447 3883 587 3963 copiosius
613 3887 769 3963 expositae,
802 3895 887 3966 quain
914 3893 1073 3953 breuissime
1105 3895 1261 3952 summatim

121 3967 273 4042 scribendo
294 3967 433 4028 indicatae
455 3973 536 4040 sunt,
557 3969 612 4043 ita,
641 3976 673 4028 ut
699 3972 727 4030 iu
754 3975 911 4036 universnm
940 3997 1033 4036 rerum
1059 3978 1149 4052 magis
1176 3993 1261 4049 quam

121 4051 269 4126 peculiaris
293 4053 383 4112 nostri
407 4053 549 4133 scriptoris
573 4055 706 4114 orationis
732 4057 848 4134 ejusque
873 4062 1100 4122 conformationis
1126 4059 1196 4115 ratio
1225 4059 1262 4117 sit

121 4133 235 4206 habitn3
266 4137 346 4210 qood
372 4137 469 4196 vitium
489 4157 547 4196 non
575 4141 665 4216 magis
683 4146 726 4199 est
752 4150 877 4204 veterum
903 4147 1071 4222 scriptorum
1095 4141 1262 4202 Herodotea

120 4217 151 4276 in
177 4237 258 4278 suum
279 4236 359 4280 suum
380 4223 599 4282 convertentium
627 4225 671 4284 vei
697 4226 893 4286 iliustmutium
920 4229 975 4304 (ci.
1003 4225 1133 4283 Eustath.
1158 4226 1197 4284 ad
1224 4226 1260 4285 D.

121 4299 155 4358 P.
181 4321 223 4360 vs.
246 4306 298 4368 652
319 4305 414 4382 ibique
437 4307 553 4384 nemu,
580 4309 662 4371 Suid.
688 4328 710 4368 ε.
733 4330 759 4370 v.
786 4305 902 4392 α’λογία,
927 4315 956 4370 et
981 4308 1050 4368 alios
1071 4307 1151 4388 alibi)
1177 4327 1281 4388 qnam*
