3016 5026
500 365 545 424 De
567 363 874 426 dialectoflerodotee
894 369 943 427 lib.
962 363 1002 427 Il.
1231 361 1316 426 ’123

184 531 269 591 rebus
290 537 467 608 spectatam,
487 533 657 600 affinitatem
676 532 792 590 Ionicae
814 539 843 590 et
863 533 969 591 veteris
992 531 1102 590 Atticae
1127 532 1241 592 dialecti
1263 551 1314 591 uu-

183 615 251 674 xilio
270 617 405 675 advocari
424 635 512 693 posse
532 617 561 673 in
582 616 774 676 adscribenda
786 617 886 674 lonico
908 615 1016 673 cuidem
1036 617 1169 692 scriptori
1191 617 1315 692 quedam

184 701 326 776 scripture
345 701 509 776 formaque,
537 719 602 759 non.
625 719 713 777 posse
733 700 828 758 valere
849 701 879 755 in
901 699 1066 776 quaestione
1088 701 1125 755 de
1145 701 1224 756 veria
1243 703 1314 760 scri·

184 782 271 841 bendi
297 784 407 842 ratione
426 784 648 860 praepositionis
672 776 729 843 σνύ
749 790 779 840 et
800 779 855 856 ξύν
877 801 1033 857 vocumque
1056 802 1119 839 cunr
1142 801 1176 838 eu
1197 803 1313 861 compo-

184 867 303 926 siberunr
322 867 512 939 instituenda,
539 886 605 924 meo
631 868 699 924 mibi
717 869 781 944 jure
804 867 976 924 contendere
1006 865 1114 926 videor.
1158 865 1219 922 Huc
1241 868 1314 926 enim

184 950 214 1008 iu
235 969 268 1008 re
289 949 388 1009 Ionica
410 951 547 1008 dialectos
571 951 746 1028 antiquiores
773 955 802 1007 et
827 950 914 1026 paulo
944 950 1074 1006 duriores
1097 948 1202 1004 formes
1223 956 1314 1008 metu-

183 1035 243 1091 rius
257 1051 342 1109 quem
357 1033 452 1092 Attice
467 1053 531 1092 cnm
548 1032 721 1092 mollioribus
740 1034 874 1103 mutavit;
886 1028 974 1109 ‘quod
990 1033 1074 1108 plene
1091 1033 1234 1090 consentit
1253 1053 1315 1090 cunr
1382 1047 1383 1050 ’

183 1117 292 1175 ‹leIIciis
313 1118 487 1192 mollitieque
508 1119 647 1192 quadem,
669 1118 788 1175 celerius
809 1117 894 1174 sitnm
915 1116 1026 1174 illorum
1047 1115 1145 1174 Ionum
1166 1115 1315 1191 irreperiti-

182 1201 236 1258 bns
269 1220 352 1275 quam
380 1206 539 1258 ceterorum
560 1202 749 1266 Graecorum
782 1219 866 1276 quam
895 1200 1050 1258 molliorem
1081 1199 1168 1257 vitum
1191 1205 1253 1256 toto
1283 1201 1314 1258 iu

182 1302 314 1342 sermone
342 1283 514 1359 dialectique
535 1284 633 1341 babitu
659 1303 824 1359 expressam
856 1285 1073 1361 deprehendere
1100 1284 1149 1340 tibi
1164 1283 1314 1341 ‘videaris

181 1365 343 1424 Molliorem
365 1369 452 1441 igitur
473 1367 594 1424 formum
615 1361 686 1436 συ’ν.
707 1367 861 1442 objector}
880 1365 1027 1442 initiunt),
1045 1368 1103 1442 jam
1124 1367 1231 1423 dudum
1251 1365 1314 1422 He-

182 1449 282 1507 rodoti
297 1451 438 1519 editores,
461 1467 633 1526 quamquem
651 1451 792 1509 nonnullis
818 1454 846 1511 in
868 1452 939 1511 locis
961 1453 1076 1528 quidem
1098 1451 1231 1521 codices,
1253 1467 1313 1506 rua-
1375 1441 1380 1448 ’

182 1532 257 1590 rime
278 1533 394 1592 codices
413 1535 447 1592 F.
470 1540 499 1591 et
514 1535 557 1608 S.,
575 1535 692 1592 sormam
713 1530 767 1607 ξύν
788 1538 979 1613 praebuerunt
1000 1534 1053 1612 (cf.
1077 1535 1146 1594 Ver.
1160 1532 1255 1592 Lectt.
1275 1533 1313 1590 ed

182 1612 206 1674 I·
226 1620 332 1674 3236.
356 1616 388 1674 V.
411 1622 455 1678 37.
477 1623 522 1677 84.
545 1617 694 1677 71914.
718 1625 760 1678 18.
775 1626 818 1679 23.
834 1623 978 1681 103107.
998 1624 1057 1678 108.
1080 1623 1141 1678 109.
1164 1622 1225 1676 128.
1248 1615 1311 1679 VII.

180 1701 224 1756 60.
239 1703 283 1758 74.
306 1706 367 1758 120.
388 1706 449 1763 142.
469 1705 531 1761 178.
553 1702 630 1764 VIII.
646 1699 713 1779 123)
732 1703 897 1782 plerumque
915 1704 1113 1774 restituerunt,
1132 1704 1207 1758 unde
1228 1700 1311 1758 valde

179 1787 224 1839 est
236 1784 487 1858 reprehendendus
499 1785 682 1857 Scbaeferus,
705 1788 754 1862 qni
771 1807 824 1845 suo
844 1807 880 1846 ex
900 1787 1017 1846 arbItrio
1032 1787 1182 1860 aliquoties
1193 1785 1311 1842 formem

178 1866 233 1938 ξυν
253 1867 395 1926 iuvenisse
415 1869 527 1927 videtur
549 1868 605 1946 (sic
622 1870 645 1927 1.
663 1875 699 1928 80
715 1876 900 1952 συρρηγνῦσι
921 1872 986 1928 edd.
1004 1875 1033 1926 et
1054 1869 1138 1933 codd,
1152 1868 1187 1924 F.
1202 1889 1241 1939 a.,
1259 1867 1312 1927 sed

177 1949 292 2010 Scbeef.
315 1953 510 2032 ξυρρηγνῦσι.
553 1953 628 2012 Ibid.
652 1949 800 2032 ξυνήϊσσν
820 1953 935 2012 Scbnei.
956 1953 1050 2012 solus.
1071 1983 1115 1998 -·-
1145 1956 1179 2010 91
1203 1955 1310 2010 συλλα-

178 2027 242 2110 βνλυ
266 2035 374 2112 vulgat.
401 2031 554 2116 ξυλλαβσλν
583 2037 699 2099 Scbcel'.
721 2036 795 2114 —);
826 2057 913 2114 quum
940 2038 1089 2096 bekkerus
1116 2040 1227 2094 tantum
1252 2051 1311 2094 nou

178 2116 280 2195 ubique
302 2118 347 2177 vel
368 2120 463 2178 invitis
490 2121 637 2179 codicibus
660 2127 817 2182 correcte
844 2121 1021 2199 reposuerit,
1049 2119 1158 2194 aliquot
1184 2117 1309 2193 exceptis

177 2203 329 2278 exemplis,
351 2222 425 2278 quae
443 2223 530 2280 quum
555 2208 675 2262 maxime
698 2206 727 2261 in
746 2206 833 2264 verb'o
853 2205 1033 2284 συμμαχέειν
1054 2204 1173 2278 ejusque
1195 2202 1310 2258 deriva·
1407 2254 1410 2264 .

177 2285 213 2342 tis
235 2287 430 2360 invenientur,
459 2285 561 2344 borum
580 2293 689 2355 tautum
708 2307 844 2346 recensus
867 2297 898 2348 ut
919 2290 1083 2347 exhibeatur
1103 2305 1221 2344 necesse
1243 2301 1309 2342 esse

176 2369 243 2425 mibi
265 2369 387 2426 videtur.
430 2369 470 2424 Et
491 2387 590 2426 omnes
616 2371 730 2444 quidem
759 2371 823 2428 libri
843 2373 986 2447 praebent
1008 2369 1205 2446 συμμαχέειν,
1233 2385 1312 2444 συμ-

176 2451 279 2528 μυχίη,
304 2444 470 2526 σύμμαχος,
493 2451 680 2526 συμμαχικός
701 2452 745 2507 bis
764 2453 793 2507 iu
807 2453 884 2509 loeis
904 2452 929 2508 I.
947 2459 990 2510 53.
1010 2457 1056 2511 69.
1074 2455 1120 2509 70.
1139 2456 1183 2511 77.
1203 2456 1247 2509 81.
1262 2456 1307 2508 82.

178 2540 240 2590 102.
263 2537 324 2595 123.
357 2532 394 2588 ΙΙ.
414 2537 475 2594 181.
506 2531 559 2591 ΙΙΙ.
578 2538 623 2591 31.
646 2537 706 2591 157.
729 2537 790 2590 160.
818 2533 867 2590 IV·
889 2537 932 2590 47.
954 2541 1007 2590 120
1021 2535 1075 2590 bls.
1097 2537 1158 2589 125.
1180 2535 1242 2592 129.
1272 2529 1309 2589 V·

177 2619 221 2676 32.
243 2619 287 2674 38.
308 2619 352 2674 63.
372 2619 416 2672 65.
442 2619 488 2674 66.
510 2617 554 2678 73.
579 2621 622 2674 75.
641 2621 687 2676 81.
715 2619 760 2674 91.
782 2619 827 2675 92.
846 2617 891 2674 93.
913 2615 956 2672 99.
980 2619 1041 2676 103.
1084 2613 1132 2672 VI.
1155 2617 1181 2674 9.
1201 2618 1245 2673 15.
1265 2616 1309 2670 84.

175 2697 237 2761 VII,
258 2704 285 2760 6.
308 2701 369 2757 139.
395 2703 455 2758 148.
480 2703 540 2762 149.
571 2695 713 2759 153.157.'
735 2705 796 2758 158.
820 2703 880 2761 160.
905 2703 968 2757 162.
995 2701 1056 2757 174.
1077 2699 1139 2755 203.
1162 2699 1224 2758 205.
1246 2699 1309 2756 206.

176 2789 238 2842 220.
259 2787 322 2846 222.
368 2781 442 2845 VHI.
471 2789 497 2846 2.
526 2787 552 2842 3.
574 2790 601 2842 5.
630 2787 674 2843 19.
704 2789 748 2843 24.
775 2787 819 2844 27.
840 2789 885 2845 oo.
908 2787 953 2844 62.
979 2786 1024 2842 64.
1047 2786 1091 2840 65.
1112 2784 1157 2840 68.
1179 2782 1222 2838 69.
1246 2783 1307 2838 110.

181 2925 386 2934 m.-

243 3015 273 3081 *)
291 3015 455 3083 Quamquam
473 3014 542 3068 eninr
564 3015 592 3067 in
615 3013 732 3084 entiquis
749 3014 899 3067 Atticorum
922 3025 950 3066 et
966 3015 1082 3068 tortasse
1100 3012 1180 3066 etiem
1199 3009 1308 3064 Aeolum
1335 2995 1339 3008 .

172 3082 389 3152 inscriptionibus
407 3084 469 3136 illue
488 3085 592 3138 litterae
615 3085 629 3148 ξ
648 3090 676 3136 et
697 3093 717 3150 ψ
738 3085 765 3135 in
782 3099 816 3152 χσ
834 3091 862 3136 et
879 3099 917 3149 φσ
940 3083 1084 3136 dissolutae
1109 3080 1308 3144 conspiciuntur

186 3151 341 3206 1111111111.
360 3169 402 3220 gr.
442 3171 464 3206 r.
484 3154 504 3221 l,
520 3173 546 3224 p.
560 3152 603 3208 87.
622 3152 764 3207 Tbierscb.
784 3173 810 3222 p.
829 3153 864 3206 20
882 3160 910 3208 et
928 3151 963 3206 56
980 3151 1035 3212 (ed.
1055 3157 1144 3216 tert).
1162 3151 1255 3212 Giese,
1272 3146 1307 3198 de

190 3217 233 3274 iul.
254 3219 328 3272 Aeol.
348 3238 375 3288 p.
395 3171 458 3288 mb)
470 3224 524 3290 jesu
544 3221 645 3290 pridem
664 3223 697 3272 ab
718 3221 826 3272 Ionibus
846 3237 897 3274 uua
921 3223 970 3271 sub
989 3219 1073 3271 Iorrna
1090 3223 1306 3298 repraesentetne

171 3289 221 3354 (ci.
234 3288 308 3342 Suid.
329 3307 351 3341 s.
364 3305 390 3340 v.
408 3291 525 3354 Σαμίων
543 3288 558 3342 ὁ
579 3289 682 3362 δῆμον)
700 3297 785 3340 temen
805 3287 1000 3356 antiquioribus
1013 3288 1109 3339 Atticis
1128 3293 1231 3340 tuntum
1247 3284 1306 3334 rllue

170 3358 303 3426 aspiratus
314 3359 400 3409 tuisse
412 3359 534 3426 proprius
548 3359 624 3423 duco,
642 3359 781 3425 lenesque,
794 3365 864 3408 uerte
875 3373 952 3424 quum
965 3351 1014 3406 orio
1022 3373 1069 3423 pro
1078 3353 1128 3418 ξῦν
1134 3353 1307 3426 pronuntiare

169 3425 339 3494 inceperunt,
364 3427 466 3491 puriter
484 3435 514 3478 ut
533 3427 645 3492 Aeoles,
663 3441 696 3477 ιισ
714 3435 742 3477 et
761 3439 799 3476 νισ
817 3424 960 3480 audivisse.
993 3425 1028 3476 cI.
1047 3425 1131 3490 Greg.
1150 3425 1213 3478 Cor.
1233 3422 1259 3474 d.
1279 3422 1305 3485 d.

169 3495 244 3614 010541
263 3512 352 3614 bisin
369 3560 479 3626 (Stnrz)
496 3577 524 3628 p.
541 3563 594 3616 200
611 3579 651 3629 sq.
670 3591 703 3602 -
740 3561 818 3614 Haud
837 3560 942 3628 quidem
960 3559 1068 3626 ignoro,
1086 3559 1192 3612 eosdem
1210 3557 1305 3612 Aeoles

169 3629 229 3682 eliis
253 3625 281 3678 iu
306 3625 416 3680 vocibus
433 3641 466 3677 σιι
484 3636 511 3680 et
528 3643 565 3680 σνι
584 3629 770 3697 pronuntiasse
794 3629 844 3693 (cf.
864 3629 948 3694 Greg.
968 3629 1033 3682 Cor.
1052 3627 1078 3680 d.
1097 3629 1123 3684 d.
1142 3625 1217 3680 Aeol.
1236 3629 1252 3690 S
1270 3627 1305 3680 23

169 3717 197 3769 p.
218 3695 271 3750 598
294 3691 487 3761 πλανηθέντες
511 3691 543 3746 δὲ
566 3693 639 3748 κατὰ
665 3691 718 3760 τὴν
747 3697 799 3762 (sic
818 3694 917 3764 optime
934 3695 1050 3747 correxit
1068 3695 1247 3764 Hermennus,
1271 3695 1305 3746 de

169 3765 332 3818 emendenda
352 3780 378 3830 p.
399 3763 447 3828 55)
473 3759 626 3829 πρσφνμνῖν
650 3760 760 3830 λέγουσι
784 3760 836 3814 τὸν
854 3758 937 3829 ζυγὸν
955 3759 1075 3831 σᾶνγόν,
1101 3763 1151 3817 καὶ
1168 3762 1201 3816 τὰ
1222 3763 1305 3828 Itque

168 3834 283 3902 σνίφνι,
308 3832 358 3886 καλ
375 3829 407 3886 cd
427 3825 557 3898 ψέλλιον,
576 3828 728 3898 στέλλων),
741 3839 768 3884 et
790 3832 915 3899 quosdam
936 3831 1002 3885 benc
1018 3833 1052 3885 ed
1071 3834 1229 3902 seripturern
1247 3834 1304 3882 for-

167 3919 223 3958 mes
239 3919 332 3956 roeurn
350 3897 402 3953 1ον
419 3905 448 3954 et
465 3896 563 3960 secede
578 3917 739 3967 revocasse,
761 3907 792 3954 ut
808 3900 887 3955 troile
905 3917 989 3969 neque
1002 3903 1084 3964 ¹lones
1104 3903 1210 3970 quidem
1228 3916 1244 3948 ιι
1262 3898 1304 3950 in·

168 3973 244 4026 itiele
262 3971 411 4037 abjecisse,
433 3968 479 4020 sed
497 3973 514 4021 b
530 3969 632 4022 initiale
649 3978 750 4023 tentum
767 3968 909 4022 retinuisse
926 3972 976 4023 tibi
996 3972 1157 4040 persuadere
1174 3965 1302 4029 videaris,

167 4047 254 4094 temen
272 4039 306 4094 ed
318 4041 395 4092 lones
414 4036 480 4090 nibil
498 4037 563 4088 bunc
582 4037 689 4090 dialecti
700 4037 825 4092 Aeolicus
846 4038 1024 4092 diversitatem
1041 4037 1201 4106 pertinuisse
1219 4031 1302 4084 susim

167 4109 346 4174 contendere,
365 4105 408 4174 qui
427 4104 523 4159 Atticis
543 4106 627 4175 magis
645 4115 835 4176 congruenter,
855 4106 906 4159 nisi
926 4109 994 4176 quod
1013 4107 1146 4174 aspiratus
1163 4104 1192 4154 in
1209 4108 1324 4181 tennes·

166 4194 214 4229 sno
241 4177 274 4229 de
298 4193 368 4228 more
395 4181 542 4238 mutarunt,
567 4191 600 4226 νσ
625 4183 652 4228 et
669 4191 707 4227 πσ
726 4176 947 4244 pronuntiabam
973 4191 1053 4242 quere
1072 4191 1104 4224 ex
1125 4170 1186 4223 istis
1203 4169 1301 4222 litteris

165 4248 296 4366 qqcotpeiq⁷
310 4243 423 4365 ssbetnqr
446 4243 613 4378 cqqqrquisqe
634 4243 929 4378 pqdesspzsippplipiter
950 4238 1301 4364 qrudlideppnttbbponpsioqe

189 4331 260 4382 omp.
295 4329 355 4368 er.
428 4331 453 4381 p.
568 4329 678 4366 cuc..
721 4331 774 4364 e.
814 4326 1041 4381 mpnruuves.
1084 4326 1225 4375 ιη,
1291 4342 1298 4360 .

164 4384 199 4438 cf.
219 4392 246 4435 et
264 4381 373 4434 Aristot.
397 4381 471 4434 Poet.
490 4401 514 4434 c.
533 4382 576 4436 22.
1116 4394 1121 4400 ·

315 3490 367 3542 613
385 3500 411 3543 et
430 3509 456 3560 p.
474 3493 533 3546 598.
565 3496 711 3546 Gremmet.
731 3493 841 3546 Meerrn.
861 3510 887 3559 p.
903 3493 965 3546 661.
994 3489 1093 3546 Anecd.
1113 3491 1196 3545 Bekk.
1216 3491 1257 3555 11,
1276 3509 1303 3558 p.
