2984 5042
201 295 242 396 i2
449 393 460 416 ,Ι
509 333 553 392 De
573 335 691 392 dialecto
717 334 879 414 Herodotea
903 332 947 392 lib.
975 331 997 393 1.

200 504 370 574 nimian,
392 503 420 560 in
446 498 547 578 quibus
571 502 800 580 pronominibus
827 496 999 579 appellativis
1029 497 1149 560 ἱστιέων
1175 505 1204 558 et
1234 498 1337 573 iccius,

200 607 275 654 nunc
298 595 380 646 recte
398 586 526 662 vulgatis,
546 585 689 648 ‘lorraine
711 594 740 644 et
756 581 854 646 ‘lurion
875 586 985 660 legitur.
1020 583 1058 642 Et
1077 585 1249 659 grammatici
1271 585 1338 659 qui·-

202 674 266 730 dem
298 661 405 730 veteres
431 671 578 746 aliquoties
606 673 710 728 formas
737 671 874 745 quasdam
903 669 1023 728 afferunt
1053 675 1084 726 ut
1112 669 1339 744 Herodoteus*),

144 818 146 826 ,
201 775 330 832 quaeex
355 755 457 812 nostris
484 755 595 829 quidem
614 752 817 829 exemplaribus
847 747 960 829 prorsus
985 760 1171 819 evanuerunt,
1198 759 1248 809 eut
1275 753 1338 810 ior-

99 842 104 848 ’
201 851 277 898 tasse
296 857 439 913 nunquam
460 839 488 894 in
510 840 543 896 iis
568 845 734 915 conspectae
758 843 833 914 sunt,
855 830 943 912 quum
966 837 1025 897 lieri
1043 837 1174 913 potuerit,
1191 842 1223 893 ut
1241 853 1338 912 gram-

202 925 318 1002 maticus
340 925 455 998 quidam
477 941 511 980 ex
536 922 667 997 analogia
688 926 796 979 tantum
819 923 962 995 quoddam
985 921 1151 978 cacabulum
1166 920 1264 979 Jouice
1282 921 1339 978 lic-

201 1019 272 1078 tum‚
296 1015 329 1064 ut
352 1007 417 1064 illud
441 1002 610 1085 βάθρακος,
631 1011 728 1064 nostro
755 1007 877 1079 quodam
894 1007 982 1062 modo
1002 1007 1176 1076 obtnrdrrer,
1193 1012 1225 1062 ut
1239 1005 1340 1082 iulsuo·

201 1093 381 1167 grammatico
397 1090 467 1148 libro
490 1092 518 1147 id
538 1095 723 1166 proponeret,
745 1106 801 1146 nou
824 1090 928 1165 ipso-in
947 1095 1024 1146 texto
1046 1089 1220 1148 Herodoteo.
1241 1089 1338 1146 Etiam

203 1176 366 1244 Eustatbias
388 1176 447 1232 sive
466 1175 606 1248 antiquior
627 1175 751 1247 quidam,
774 1173 851 1246 cujus
873 1172 918 1230 ille
944 1179 1114 1232 secutusest
1129 1174 1338 1245 auctoritatem,

202 1261 368 1330 observavit,
392 1257 531 1314 Herodoti
556 1257 639 1314 libros
661 1257 799 1324 nonnullis
820 1259 847 1314 in
870 1257 1071 1333 exemplaribus
1097 1258 1185 1314 minus
1207 1265 1339 1314 accurate

201 1363 262 1403 cese
284 1345 448 1417 descriptos,
476 1337 512 1397 ad
534 1341 617 1398 Hom.
642 1341 700 1400 Od.
719 1361 746 1418 p.
774 1347 849 1414 1411,
876 1345 1012 1412 10:89,
1038 1347 1086 1400 40':
1113 1335 1339 1416 ἅμορφὲοτατος

201 1424 278 1512 γυνὴ
297 1419 366 1504 παρ’
380 1419 526 1506 Ἡροδότῳ
544 1423 576 1486 ἐν
593 1420 812 1501 α’κριβεστέροις
829 1420 1036 1503 ἀντιγράφοις.
1049 1457 1087 1470 -·-
1099 1427 1139 1482 ci.
1157 1425 1233 1482 etad
1251 1424 1288 1484 Jl.
1305 1444 1335 1501 p,

201 1515 357 1569 nil-2311.
401 1506 462 1565 Nec
482 1515 575 1566 tamen
599 1510 688 1586 ipsum
713 1509 817 1582 ubique
843 1510 955 1566 meliora
968 1509 1134 1586 exernplaria
1152 1509 1269 1583 elegisse
1286 1515 1338 1565 aut

202 1594 376 1666 udlribuisse,
404 1592 471 1648 satis
506 1594 613 1650 docent
635 1594 789 1670 complures
817 1593 885 1664 loci,
918 1592 963 1649 ubi
991 1593 1212 1670 deprecatiorem
1239 1592 1336 1652 Codd.

202 1680 365 1754 scripturam
386 1676 522 1751 adhibuit,
542 1677 627 1734 veluti
652 1679 688 1734 ad
711 1679 798 1736 Hom.
820 1677 857 1738 Jl.
876 1697 905 1753 p.
929 1680 972 1747 70,
994 1685 1030 1735 20
1052 1675 1194 1751 δηλὲοντό
1216 1695 1250 1734 ex
1276 1676 1337 1732 Ha-

202 1763 263 1820 nod.
282 1761 314 1824 V.
337 1767 372 1820 83
391 1778 443 1838 pro
465 1760 580 1843 aliorum
607 1761 699 1818 Cadd.
725 1761 862 1838 scriptura
883 1759 1039 1836 triplicare
1069 1768 1098 1818 ct
1125 1761 1198 1817 alibi.
1243 1760 1335 1816 Etiam

203 1866 237 1907 ex
262 1847 409 1904 memoriae
427 1845 507 1920 lapsu
532 1844 590 1902 sive
616 1845 731 1902 aliorum
755 1845 882 1902 similium
909 1846 1051 1902 nominum
1078 1847 1242 1902 confusione
1273 1845 1336 1918 qui·

201 1933 267 1988 dem
288 1929 359 1988 falso
380 1929 534 1988 tribuerunt
551 1934 659 1986 'nostro
680 1930 829 2004 quaedam,
844 1947 923 2003 quae
945 1929 981 1984 ad
1001 1929 1069 1986 alios
1093 1930 1234 2006 pertinent
1248 1927 1336 2005 scrip-

201 2025 291 2086 torem
314 2033 371 2090 qua
393 2016 429 2071 de
451 2031 481 2070 re
507 2013 572 2071 vide
596 2013 713 2072 Wessel.
739 2013 857 2071 Dissert.
888 2013 997 2071 Herod.
1026 2007 1075 2072 111.
1105 2031 1133 2089 p.
1161 2019 1196 2071 20
1217 2030 1262 2085 sq.
1287 2009 1334 2068 lv,

201 2103 239 2158 18
257 2115 300 2172 sq.
321 2103 356 2156 27
377 2114 440 2171 sqq.
473 2096 579 2154 Osann.
601 2097 715 2158 Philem.
739 2097 849 2171 Reliqq.
876 2117 905 2172 p.
928 2101 989 2156 360.
1023 2097 1182 2170 Schweigh.
1205 2095 1257 2156 lex.
1276 2095 1336 2152 He-

201 2183 296 2240 rodot.
319 2200 342 2238 s.
365 2199 392 2237 V.
415 2175 607 2251 ἄνοστομοῦν
635 2187 664 2237 et
689 2181 827 2258 interppr.
855 2182 892 2236 ad
918 2179 1005 2254 Greg.
1034 2181 1115 2238 Con·
1135 2181 1162 2236 d.
1185 2179 1249 2237 dial.
1272 2179 1336 2238 Jon.

201 2265 230 2342 ς.
254 2269 294 2323 16.
339 2263 498 2341 interprett.
519 2257 651 2338 Hesychii
678 2281 700 2324 s.
723 2283 749 2324 v.
778 2267 988 2334 πισσοκωνίας.
1010 2296 1052 2310 -
1076 2262 1177 2338 Neque
1199 2263 1337 2321 absonum

202 2367 264 2406 esse
284 2348 394 2406 ridetur
416 2353 547 2424 statuere,
569 2347 630 2403 illos
651 2347 803 2405 invidiosos
829 2348 967 2418 homiues,
994 2350 1041 2424 qui
1061 2344 1188 2406 laudibus
1211 2347 1336 2404 veritati-

202 2451 258 2508 que
278 2431 417 2488 Herodoti
440 2431 595 2490 obtrectare
616 2433 792 2503 studuerunt,
814 2449 899 2506 quum
921 2435 938 2488 ii
959 2434 1011 2510 ipsi
1036 2425 1189 2506 eorumque
1205 2422 1337 2488 'sectato-

202 2535 246 2574 res
268 2516 454 2592 negligentius
477 2517 580 2593 scripta
603 2516 663 2591 ejus
687 2523 854 2589 tractarent,
883 2517 971 2574 multa
997 2519 1030 2575 iis
1045 2517 1183 2574 *inflixisse
1209 2514 1333 2571 vulnera.

201 2599 304 2676 Neque
331 2620 397 2658 vcro
427 2607 523 2658 nostro
555 2600 644 2658 solum
675 2602 856 2676 negligentia·
870 2601 1044 2678 librariorum
1074 2607 1198 2658 veterum
1230 2598 1335 2668 nocuit,

202 2687 253 2744 sed
274 2685 367 2742 multis
392 2684 452 2740 aliis
474 2685 557 2741 etiarn
581 2684 772 2758 scriptoribus,
795 2701 880 2756 quum
904 2687 1004 2758 partim
1032 2685 1187 2760 scripturae
1217 2681 1335 2758 uarieta-

200 2775 245 2824 tes
266 2785 300 2824 ex
322 2767 354 2821 iis
378 2765 414 2820 ab
436 2765 504 2838 ipsis
532 2765 654 2836 antiquis
681 2767 841 2822 auctoribus
867 2769 1017 2824 memoriae
1050 2770 1170 2824 traditae
1202 2765 1257 2822 siut
1284 2763 1335 2836 (ci.

202 2849 299 2916 Quint.
322 2848 371 2904 lx.
394 2851 421 2914 4,
448 2849 482 2902 74
506 2847 647 2921 deprava
670 2849 865 2926 emendatione
886 2849 1037 2906 hexametri
1060 2853 1166 2907 exordii
1192 2849 1230 2910 T.
1248 2847 1335 2914 Livii,

200 2933 265 2989 ride
287 2936 315 2988 et
335 2929 466 2986 Fossiom
489 2927 558 2988 Oec.
583 2929 668 3004 Hipp.
688 2949 710 2990 s.
735 2951 760 2986 v.
784 2925 984 3006 ἅργὰσοσθοι,
1011 2939 1039 2988 et
1069 2933 1147 2990 God.
1176 2931 1273 2988 Herm.
1301 2931 1338 2986 de

200 3013 358 3093 praeceptis
387 3011 517 3086 quibusd.
552 3009 701 3070 Atticistar.
751 3014 857 3090 Opuse.
885 3014 907 3076 1,
936 3033 963 3090 p.
998 3020 1050 3072 268
1077 3020 1107 3070 et
1133 3012 1208 3085 282),
1236 3015 1339 3086 pamim

200 3117 284 3158 curae
316 3097 522 3172 aquibusdam
555 3097 736 3154 emendandis
764 3097 943 3172 scriptoribus
971 3097 1339 3172 impensaevmemorentuu

201 3185 276 3241 unde
294 3180 449 3240 necessario
474 3177 655 3254 concluditur,
677 3199 725 3236 eos
739 3181 796 3256 jam
818 3181 934 3254 antiquo
959 3188 1087 3255 tempore
1114 3176 1254 3233 nonnullis
1276 3180 1342 3252 quia

201 3269 267 3325 dem
289 3267 318 3323 in
340 3264 542 3339 exemplaribus
565 3264 734 3340 depravatos
757 3265 844 3321 lectos
864 3264 949 3320 fuisse
963 3263 1014 3336 **).
1059 3262 1154 3328 erum
1180 3259 1252 3317 euim
1280 3263 1338 3340 pri-

201 3353 253 3419 mis
274 3357 339 3427 post
365 3348 467 3408 Christ.
495 3352 553 3404 nat.
584 3346 697 3418 seculis,
724 3354 756 3405 ut
784 3352 885 3423 postea
911 3347 1060 3404 Petrarcaa
1081 3343 1261 3421 'temporibus
1285 3347 1336 3424 (cf.

201 3432 395 3517 Haerenti.
419 3431 439 3488 1.
462 3450 490 3507 p.
514 3432 590 3506 281),
615 3449 698 3506 quam
721 3433 867 3490 maximam
890 3430 1023 3488 librorum
1046 3429 1252 3488 multitudinem
1280 3449 1338 3488 nou

201 3520 230 3576 in
251 3517 373 3576 studium
395 3517 444 3574 sed
466 3517 495 3572 iu
517 3515 704 3592 spectaculum
726 3524 755 3574 et
775 3516 971 3574 ostentationis
997 3533 1081 3571 causa
1106 3513 1278 3588 congerendi
1305 3531 1338 3570 nc

202 3601 384 3660 maturandi
411 3617 472 3656 mos
499 3599 664 3676 evaluisset,
697 3602 777 3675 isque
812 3599 1058 3658 desidiosissimum
1091 3615 1232 3672 quemque
1259 3597 1338 3652 inva-

202 3686 284 3744 sisset
309 3683 357 3762 (ci.
375 3686 511 3742 Senecam
533 3685 569 3742 de
592 3689 685 3759 tranq.
707 3703 730 3742 e.
753 3689 770 3742 9
787 3689 815 3740 et
832 3681 957 3761 Lipsium
970 3683 992 3740 l.
1011 3681 1051 3758 l),
1069 3689 1129 3740 tum
1145 3680 1237 3756 neque
1252 3697 1339 3754 quam
1372 3691 1379 3702 “

272 3897 300 3962 *)
317 3895 358 3948 De
376 3893 525 3965 βάθρακος
542 3897 602 3950 vide
621 3897 716 3950 Anecd.
735 3897 817 3954 netu.
840 3899 860 3952 1.
877 3915 906 3980 p.
925 3895 969 3962 86,
991 3897 1025 3950 18
1048 3899 1164 3966 interpp.
1187 3895 1220 3947 ad
1238 3893 1338 3946 Herod.

202 3965 250 4018 lv.
272 3964 330 4029 131,
348 3982 399 4035 quo
417 3965 442 4017 iu
459 3966 516 4018 loco
534 3973 561 4018 et
579 3965 728 4017 Herodotea
746 3965 901 4048 exemplaria
926 3975 953 4017 et
976 3967 1069 4018 Athen.
1096 3965 1169 4017 Vlll.
1200 3981 1225 4030 p.
1244 3960 1338 4013 334A

172 4101 174 4106 ,
203 4031 345 4103 βάτραχον
363 4034 493 4087 exhibent.
530 4033 671 4086 Praeterea
691 4043 915 4101 grammaticorum
934 4033 1040 4088 loeosa
1064 4034 1153 4089 Meitt.
1177 4049 1204 4101 p.
1225 4029 1274 4083 125
1298 4046 1338 4098 sq.

204 4103 258 4172 (ecl.
277 4103 370 4168 Stura)
391 4103 518 4156 laudatos.
598 4117 599 4122 ¹

271 4173 312 4237 **)
331 4173 373 4224 Gi.
391 4173 465 4224 Suet.
488 4171 563 4225 Dom.
582 4188 606 4226 ο,
623 4169 665 4223 20.
701 4167 770 4224 Jurr.
789 4169 921 4238 iripsiide
941 4168 1110 4222 Bibliothecis
1128 4171 1266 4235 syntagma
1280 4183 1302 4216 ο.
1323 4162 1340 4216 'l

127 4261 129 4266 ·
205 4238 267 4292 et8
288 4240 328 4304 (in
345 4239 413 4294 Just.
435 4239 505 4308 Lipe.
524 4237 594 4308 Opp.
613 4237 707 4290 Omnia
724 4237 759 4288 T.
778 4237 827 4290 111.
843 4255 870 4305 p.
890 4237 958 4290 1152
982 4239 1062 4306 sqq).
1104 4237 1142 4288 Ilt
1163 4233 1197 4290 de
1213 4233 1342 4286 incendiis

204 4309 273 4362 iuter
301 4325 393 4362 neuros
415 4306 611 4377 depravationis
635 4314 661 4358 et
684 4305 810 4358 interitus
828 4307 944 4361 veterum
965 4305 1088 4359 librorum
1113 4301 1257 4358 celerandis
1279 4301 1341 4355 vide

205 4377 309 4431 Heeren
327 4376 343 4429 l.
360 4375 377 4431 l.
391 4378 413 4430 1.
431 4392 459 4446 p.
476 4375 512 4430 ta
529 4393 572 4448 sq
590 4373 633 4442 87,
651 4372 703 4428 119
721 4389 762 4444 rq.
