3028 5024
462 324 509 388 De
530 329 653 390 &alecto
669 328 838 393 Herodotea
859 334 908 396 ltb.
926 335 964 400 Π.
1177 395 1183 408 „
1216 333 1279 400 1911

135 489 197 571 τι).
217 487 365 570 ἕκαστον).
386 493 409 556 1.
433 498 484 554 ιον
505 493 595 569 (Lob.
610 489 716 572 Ριιςιὶ
737 517 767 574 p.
789 502 862 571 τοο).
907 494 1056 579 (dolesco.
1072 503 1114 562 ss.
1137 508 1180 566 ιν.
1199 511 1275 578 135.)

138 577 198 635 Sed
219 575 418 658 χρησμῳδέων
440 578 502 636 VII.
524 583 542 638 6
572 587 601 636 et
631 582 771 661 συνῳὸόν
791 582 826 644 V.
850 584 902 656 92,
929 587 946 641 3
967 604 1024 644 nou
1050 586 1133 644 aliter
1154 589 1273 664 figurari

10 695 11 718 l
137 663 267 736 potuisse
290 661 440 736 videntur,
465 669 495 719 ut
516 659 694 746 κιθαρῳδόν
713 663 736 721 1.
759 669 804 738 24,
828 683 1007 741 quamquam,
1029 669 1053 724 εἰ
1075 672 1181 728 nostris
1200 673 1271 734 lexi.

136 744 179 802 εἰε
202 745 349 820 estoces,
369 740 532 818 συναοιδός
553 763 611 804 non
632 747 717 823 plene
735 748 900 806 inusitatum
923 749 1010 806 fuisse
1031 752 1154 826 videtur,
1173 765 1272 813 nostro
1374 786 1381 800 =

137 833 215 886 certe
237 829 369 905 scriptori
393 830 620 906 abjudicandum.
646 861 681 872 -
715 829 755 888 Et
776 823 867 911 ἀείρω
889 830 1020 888 omnibus
1042 832 1069 889 iu
1092 833 1172 892 libris
1193 843 1271 896 recte

135 913 275 1010 retinetur
294 912 338 969 his
360 915 389 972 in
412 913 497 972 locis:
528 912 566 977 II.
590 919 641 972 125
662 903 825 992 ἀείροντες.
868 913 890 972 1.
912 919 965 973 204
987 913 1174 995 ἐπαείροντα.
1218 918 1270 976 lII.

136 1000 190 1054 144
203 997 400 1075 ανταείρεται.
448 996 482 1056 ll.
505 1003 555 1056 125
580 991 697 1073 ἤειρον.
741 997 818 1056 VIII.
837 1000 871 1055 56
896 989 1037 1072 ἀείροντο
1059 1003 1178 1076 (repone
1192 995 1269 1079 ηἐίρ.

10 1103 11 1120 ι
135 1079 202 1136 vide
224 1078 322 1156 infui).
364 1073 589 1160 ἀπαειρόμενον
605 1078 669 1143 VII.
692 1086 752 1140 101.
779 1080 858 1138 VIII.
881 1085 943 1154 140,
966 1088 992 1140 1.
1035 1073 1270 1161 ἀνταειρόμενον

135 1161 201 1220 VII.
224 1169 286 1222 209.
329 1157 488 1241 ἀείρεσθαι
510 1163 556 1228 IV.
578 1169 620 1220 50.
649 1155 826 1244 (ἀείρεσθαι
846 1165 890 1234 8.)
912 1164 949 1222 cf.
970 1163 1095 1241 Hesych.
1117 1164 1148 1240 Ι,
1169 1186 1198 1242 ρ.
1219 1171 1270 1225 108

134 1245 279 1319 (liberto.
315 1238 529 1325 ἀνταείρεσθαι
553 1245 615 1306 VII.
642 1252 702 1305 143.
734 1275 782 1291 ⁴—-
816 1243 980 1325 ἀερθέντες
1007 1246 1031 1310 1.
1054 1253 1115 1307 165.
1150 1247 1200 1306 1Χ.
1223 1256 1268 1308 52.

10 1319 11 1354 3
134 1320 355 1407 ἀνταείρασθαι
380 1330 444 1393 Vll.
466 1336 528 1390 212.
572 1321 770 1431 ἀειραμένους
790 1329 855 1388 VII.
878 1333 929 1386 156
950 1329 1006 1402 (sic
1027 1349 1090 1388 cum
1111 1328 1153 1389 Μ.
1174 1332 1217 1407 Ρ..
1229 1331 1267 1390 Κ.

135 1403 336 1490 ἀειραμένους
356 1415 392 1473 F.
411 1415 445 1472 8.
469 1431 496 1476 α.
519 1412 569 1488 b.)
614 1408 795 1490 αειράμενον
822 1411 901 1470 VIII.
922 1415 965 1469 94.
1011 1406 1269 1492 ἀνταειραμένους

9 1495 10 1544 l
134 1495 185 1558 Vl.
208 1499 253 1552 44.
275 1526 312 1539 -
337 1496 397 1555 Sed
419 1515 472 1573 pro
493 1488 656 1570 ἀερθέντας
678 1500 755 1552 recte
775 1513 850 1552 nunc
870 1493 984 1568 vulgato
1005 1494 1030 1558 l.
1046 1501 1106 1555 170.
1128 1499 1268 1573 praebent

135 1578 222 1638 codd.
242 1579 281 1636 M.
305 1579 343 1636 Κ.
365 1579 399 1636 F.
418 1599 444 1638 α.
463 1579 536 1638 mule
557 1577 749 1655 αίρεθέντας;
767 1597 821 1654 pro
844 1572 1022 1656 ἀειράμενοι
1045 1579 1094 1640 Vl.
1118 1585 1153 1638 14
1180 1582 1265 1640 codd.

133 1663 165 1721 S.
191 1661 225 1724 V.
248 1657 424 1742 αίράμενοις
447 1683 500 1738 pro
523 1658 636 1738 ἐξήειρε
657 1659 706 1719 VI.
729 1665 779 1718 126
800 1660 916 1733 vulgato
938 1679 1001 1718 cum
1022 1660 1062 1720 Μ.
1086 1661 1118 1720 Ρ.
1140 1662 1196 1738 K,
1222 1663 1268 1738 ἐξ·

131 1750 186 1823 ἦρε
208 1745 273 1826 atii,
298 1745 403 1826 ίξῆρεν
423 1748 454 1803 8.
477 1739 606 1823 ἐξήγειρε
628 1743 663 1804 F.
687 1777 739 1819 ·-‚
765 1762 819 1819 pro
842 1734 1017 1820 ἀειράμενοι
1038 1748 1082 1819 (7,
1107 1749 1170 1815 132)
1191 1766 1267 1804 nunc

131 1828 245 1904 vulgato
264 1849 326 1886 cum
348 1832 382 1888 F.
405 1829 486 1906 (olim
508 1823 696 1904 ἀειρόμενοι)
725 1827 810 1888 codd.
834 1825 866 1882 P.
887 1827 918 1884 S.
942 1823 1119 1906 αίράμενοι,
1142 1830 1266 1889 cod-'K

131 1904 295 1992 ἀράρενοι,
316 1933 369 1991 pro
391 1913 532 1988 ἐπαείρας
546 1911 584 1989 (1.
605 1908 654 1986 87)
676 1927 751 1968 nunc
773 1907 889 1982 vulgato
912 1904 1061 1992 (ἐπαήρας
1076 1911 1125 1988 Ρ.)
1151 1907 1268 1994 ἐπᾴρας

9 2029 10 2034 1
132 1996 195 2070 atti,
224 1990 337 2072 ἐπάρας
358 1999 400 2053 8.·
434 1993 589 2052 Praeterea
609 2012 663 2070 pro
692 1989 810 2066 vulgato
832 2010 895 2049 cum
922 1993 1006 2051 codd.
1028 1995 1060 2052 S·
1082 1994 1116 2055 F.
1139 2013 1167 2054 e.
1195 1996 1268 2057 έπα-

132 2101 189 2158 ρας
213 2078 237 2143 I.
260 2084 295 2138 90
322 2079 446 2138 restituit
472 2075 770 2136 nosue-suadem
797 2073 947 2152 ἐπαείρας.
981 2077 1018 2135 cf.
1040 2077 1162 2152 Etymol.
1187 2077 1266 2156 Mag.

9 2163 11 2178 ’
83 2181 93 2198 ·
133 2182 163 2239 ρ.
180 2167 227 2236 38,
248 2168 292 2222 31.

215 2247 309 2314 Quum
336 2243 391 2300 illis
416 2211 502 2318 igitur
525 2245 555 2302 in
578 2243 648 2302 locis
672 2243 733 2302 lere
758 2219 870 2304 eoustet
891 2250 968 2304 recte
989 2264 1049 2304 nou
1066 2243 1181 2305 auditos
1201 2265 1266 2306 esse

129 2329 270 2403 quosdam
289 2327 378 2384 libros
397 2327 516 2385 formam
545 2328 686 2400 quendam
717 2329 829 2384 omuino
861 2346 919 2386 uon
940 2329 1137 2388 Herodoteum
1159 2330 1267 2390 eubeti-

8 2415 9 2420 ’
129 2417 260 2483 tuentes,
282 2415 361 2480 uter,
381 2409 444 2483 ipsa
464 2407 632 2465 Herodoteu
652 2409 924 2482 ratione'cogente‚
942 2410 1026 2466 simili
1044 2413 1158 2468 licendo
1181 2413 1216 2468 iis
1236 2413 1265 2468 in

128 2494 215 2564 locis,
246 2491 296 2550 ubi
317 2508 416 2548 omnes
437 2489 502 2549 libri
531 2489 560 2546 in
589 2490 718 2548 vitiosum
739 2490 908 2564 scripturam
934 2489 1108 2550 consentite
1122 2494 1267 2563 videntur,

127 2581 161 2634 ut
189 2595 243 2651 pro
273 2573 388 2648 vulgato
414 2567 528 2652 ἐπάρας
548 2570 584 2628 II.
607 2577 658 2632 162
689 2565 818 2652 (ἐπᾴρας
841 2568 906 2626 Ald.
931 2569 991 2646 elii)
1017 2562 1142 2649 ἀπῆραν
1163 2573 1211 2628 Vl.
1232 2576 1267 2628 99

127 2650 467 2800 (1217211
489 2653 771 2799 747970
790 2657 826 2797 l
846 2651 1089 2808 70001
1107 2651 1208 2795 tut

126 2763 177 2886 IX.
200 2828 244 2885 59.
277 2781 386 2902 ἐξάροςς
404 2759 525 2883 111879.
539 2828 569 2882 et
584 2785 650 2881 ’107
682 2759 782 2898 deponi
809 2758 892 2880 vdlim
914 2757 1268 2898 ς11ιῑτοι1ο1οαάἐπαεέρέἀςῗ

127 2903 299 2987 ἀπήειραν,
322 2906 485 2981 ἐπαείρεις,
503 2906 682 2983 ἐμααείροοσι,
701 2899 825 2983 ἤειραν,
852 2902 1003 2980 ἐξαείρας,
1023 2922 1111 2980 porro
1132 2922 1186 2981 pro
1204 2902 1267 2960 vul-

127 2998 196 3069 geto
225 2989 377 3073 ἐπήροντο
400 2988 451 3051 IV.
473 2997 525 3053 130
551 2989 731 3069 (ἐπειρῶντο
758 2989 788 3046 S.
810 2987 844 3046 V.
865 2987 961 3063 Vallo)
984 2985 1180 3064 ἐπηείροντο;
1211 3004 1266 3064 pro

127 3076 242 3152 vulgato
261 3074 292 3150 ἐξ
306 3069 383 3154 ’ρετο
404 3073 453 3137 VI.
477 3063 671 3153 133(1ξῆρτο
693 3072 727 3136 F.
748 3072 788 3150 b.)
806 3070 962 3149 ἐξηείρετο.
1005 3068 1045 3128 Et
1065 3091 1120 3148 pro
1141 3068 1266 3143 vulgetis

128 3100 317 3240 ἐπαρθείςί.
335 3167 380 3220 90.
402 3158 464 3220 VII.
486 3163 529 3223 38.
552 3159 601 3218 1Χ.
618 3161 664 3219 49.
683 3154 823 3238 ἐπαρθῇς
844 3155 868 3217 I.
889 3162 950 3216 212.
972 3153 1153 3232 ἐπαρθέντες
1174 3153 1210 3210 V.
1231 3156 1266 3209 81

127 3251 157 3302 ct
174 3248 209 3303 91
230 3242 415 3320 (quamquem
435 3243 476 3300 sic
498 3239 680 3317 ἐπαρθέντες
702 3240 757 3298 1οο
778 3259 813 3298 ex
834 3238 900 3296 loco
923 3239 1007 3296 etiam
1018 3236 1093 3295 Plut.
1117 3239 1153 3295 de
1167 3235 1265 3308 Malig.

8 3357 10 3398 i
127 3332 199 3386 ο.23
221 3327 349 3403 repetiit)
372 3325 422 3388 VI.
435 3331 495 3384 132
517 3324 581 3388 VII.
593 3329 621 3398 9,
643 3329 670 3382 3.
693 3329 727 3382 18
749 3322 860 3380 restitui
883 3321 965 3378 velim
976 3319 1146 3398 ἐπαερθείς,
1161 3317 1266 3394 ἐπαερ-

8 3403 10 3436 ³
52 3401 64 3416 '
125 3414 190 3494 θῇς
208 3415 238 3468 et
258 3407 454 3486 ἐπαερθέντες
478 3406 592 3482 ubique.
635 3407 697 3479 Sic,
719 3411 751 3462 ut
772 3405 842 3462 alios
864 3404 1099 3479 praetermiItam,
1120 3398 1265 3456 Lucienus

125 3495 156 3551 d.
174 3495 204 3552 d.
224 3493 290 3565 Syr.
312 3508 337 3546 ο.
353 3495 391 3568 36
419 3483 555 3566 αἐίρονσε
571 3489 652 3563 dixit,
674 3507 698 3548 c.
720 3492 754 3548 37
773 3480 934 3563 ἀείροντες.
964 3490 998 3542 52
1020 3477 1180 3558 ἀείραντες.
1220 3479 1265 3536 De

125 3571 235 3632 Astrol.
258 3591 283 3634 c.
306 3577 339 3629 15
361 3562 495 3644 ἀερθείς.
520 3603 556 3614 ·-
590 3569 676 3628 Hom.
699 3563 791 3631 ΙΙ.-π’
813 3573 875 3626 341.
906 3559 1095 3628 Οι1.τ’540.
1134 3561 1264 3638 Euripid.

8 3659 9 3662 ’
125 3656 218 3718 Andr.
237 3659 299 3716 848.
318 3647 464 3733 ρἐρμίνος
484 3651 578 3729 Apoll.
605 3652 699 3710 Rhod.
718 3651 754 3708 Π.
778 3654 838 3710 171.
860 3649 956 3716 Quare
978 3649 1007 3706 iu
1028 3645 1170 3704 Herodot.
1191 3645 1264 3705 libro

9 3795 10 3800 ,
124 3740 149 3801 1.
167 3761 192 3803 c.
206 3741 257 3798 186
277 3737 424 3812 vulgatum
444 3729 643 3810 ἀπαιρέεσκον
664 3739 714 3794 out
731 3733 945 3809 colloquendum
962 3731 1049 3790 fuisse
1068 3747 1182 3802 censeo,
1205 3738 1264 3801 aiut,

8 3829 10 3890 ζ
126 3827 151 3884 εἰ
172 3824 204 3880 id
221 3821 408 3899 displicuerit,
428 3839 486 3878 uon
506 3811 688 3896 devolutum
709 3837 725 3876 e
737 3817 821 3880 codd.
833 3816 874 3878 Μ.
885 3815 924 3874 Κ.
935 3815 969 3870 F.
980 3831 1007 3872 ο.
1021 3833 1045 3872 ε.
1060 3812 1263 3889 recipiendum,

128 3908 180 3968 ced
198 3903 403 3984 α’παείρεσνον
423 3901 627 3981 reponendum.

209 3989 324 4050 Contra
352 3990 437 4046 etiam
460 3986 669 4046 contractiones
695 3987 832 4062 quosdam
852 3983 955 4059 partim
984 3987 1084 4040 nostro
1106 3982 1264 4056 peculiares

8 4087 10 4110 1
126 4075 228 4152 purtim
248 4093 312 4132 cum
334 4073 444 4150 vulgari
467 4072 647 4130 Graecorum
675 4089 727 4128 usu
745 4070 943 4144 ,congruentes
967 4084 1026 4122 uon
1047 4063 1265 4122 obmutuisse

125 4157 162 4216 ub
183 4157 353 4216 Herodotea
374 4156 524 4230 oratioue,
547 4173 621 4213 uunc
640 4153 736 4212 stetim
760 4147 1007 4208 commemoranda
1031 4144 1159 4222 exemplu
1177 4146 1264 4202 doce-

125 4240 207 4318 bont,
228 4247 258 4300 et
276 4240 352 4300 infre
371 4240 522 4317 aliquoties
545 4236 708 4296 viderimus.
722 4265 765 4278 --
785 4233 835 4290 Sic
853 4232 926 4290 dixit
946 4236 1047 4289 noster
1070 4230 1149 4299 Χῖος
1172 4227 1198 4286 1.
1221 4231 1262 4291 18.

125 4329 184 4386 150.
215 4323 266 4384 VI.
286 4326 331 4384 27.
365 4323 440 4386 VIII.
462 4327 514 4384 132
536 4326 567 4379 et
585 4319 719 4380 alibi-
741 4316 848 4399 ίρραα,
870 4305 1138 4464 ίρηιιας,11ρήκεον
1155 4311 1197 4384 11.
1219 4316 1283 4400 65..
