2984 5042
208 337 250 402 1'0
520 339 565 398 De
587 340 705 400 dialecto
726 338 903 400 Herodotea,
916 335 962 398 lib.
984 337 1008 398 l.

207 515 298 568 ortam
318 506 514 578 differentiam,
543 506 642 581 quales
667 511 732 566 sunt
754 505 817 566 illae
838 505 875 564 ab
899 523 934 582 eo
957 505 1020 582 ipso
1042 507 1212 564 memoratae
1233 502 1347 564 dialecti

139 652 143 658 ,
207 592 324 650 lonicae
347 591 505 666 varietates,
526 592 576 654 secl
598 591 692 667 potius
716 607 889 650 communem
915 589 1058 664 quandam
1087 590 1210 666 puerum
1235 588 1346 666 scriptis

206 679 265 752 ιιιιιι
288 675 489 734 conformatam
510 673 671 734 litterariam
694 675 775 749 qnasi
797 672 945 733 dialectum
970 673 1113 748 tonicam,
1133 691 1208 747 quae
1227 691 1280 750 pro
1301 673 1347 732 in·

208 759 276 818 dole
295 765 325 818 ct
345 765 444 816 natura
465 759 586 833 cujusvis
606 759 757 836 scriptoris,
779 775 831 834 pro
852 763 1029 832 argumento,
1051 757 1129 831 quod
1150 757 1204 814 sibi
1225 755 1347 830 quisque

207 843 384 904 tractandum
404 845 539 919 sumpsit,
563 843 649 900 aliam
680 840 814 899 induebat
835 841 942 900 faciem
973 840 1084 906 Quare
1105 840 1182 942 hapd
1207 840 1248 898 ita
1272 841 1347 900 inter

209 947 241 988 se
259 933 419 1005 repugnant
442 927 610 1002 testimonia,
633 925 834 1003 Hippocratem
855 932 885 982 et
903 917 1153 1000 Democritum,'
1132 922 1255 1004 copulem
1272 917 1347 984 ’Iride

209 1031 287 1111 runs,
308 1029 394 1088 saepe
415 1011 540 1068 diversos
564 1010 650 1067 fuisse
671 1010 707 1066 ab
728 1007 869 1068 Herodoti
890 1009 1107 1082 consuetudine,
1128 1027 1214 1083 quam
1235 1007 1346 1084 Diony-

209 1098 266 1154 sius
289 1095 354 1153 Hal.
377 1092 698 1172 (sperauerant,
720 1097 765 1164 16)
787 1093 920 1168 optimam
940 1093 1056 1152 lonicae
1081 1093 1192 1152 dialecti
1218 1111 1347 1154 normam

208 1199 272 1238 esse
291 1181 407 1255 scripsit
452 1177 631 1251 Quamquam
656 1177 729 1236 hanc
750 1177 860 1236 laudem
885 1179 1002 1236 adeam
1024 1178 1231 1253 quaestionem,
1259 1194 1347 1251 quam

209 1283 262 1324 nos
282 1263 459 1331 instituimus,
477 1279 535 1318 non
555 1279 668 1338 prorsus
693 1262 850 1320 necessario
880 1267 1009 1338 spectare
1029 1261 1115 1320 cuivis
1137 1261 1213 1318 illum
1235 1259 1346 1335 Diony-

208 1350 242 1408 sii
268 1349 359 1406 locum
388 1344 543 1402 accuratius
567 1345 723 1422 inspicienti
750 1345 831 1404 lacile
855 1347 973 1422 patebit,
995 1363 1081 1420 quum
1106 1345 1144 1404 ibi
1164 1345 1211 1403 ille
1232 1345 1259 1402 in
1283 1343 1346 1404 ιιιιι-

193 1439 319 1492 'rersum
338 1430 374 1486 de
401 1427 558 1488 sinceritate
583 1429 730 1488 verborum
759 1436 788 1487 et
814 1431 935 1506 puritate
957 1429 1102 1488 orationis·
1119 1431 1225 1506 egerit,
1254 1445 1348 1502 eaque

209 1517 246 1574 ιιι
266 1531 350 1570 causa
376 1509 552 1573 Herodotum
579 1533 642 1570 cum
671 1513 841 1588 Thucydide
860 1515 1077 1589 comparaverit,
1104 1531 1163 1587 quo
1178 1514 1260 1570 etiam
1277 1511 1345 1570 Phi-

208 1598 324 1656 lemonis
346 1596 518 1670 grammatici
538 1597 625 1656 verba
646 1597 737 1674 (apud
756 1597 890 1674 Porphyr.
910 1598 1027 1664 Quaest.
1049 1597 1136 1656 Hom
1163 1616 1188 1657 c.
1214 1595 1248 1672 B)
1269 1597 1346 1654 rele-

208 1682 297 1743 renda
318 1699 378 1738 esse
399 1681 541 1740 videntur:
562 1675 741 1761 Ἡρόδοτον
740 1675 861 1778 αἰιριβῆ
880 1703 911 1742 τι
938 1677 1012 1742 dura
1037 1678 1108 1755 maol
1136 1676 1173 1740 rol
1200 1673 1345 1757 dripere,

208 1763 259 1828 aul
280 1757 365 1828 πάνυ
387 1763 526 1837 ἐπιεικῶς
556 1759 778 1843 φροντιστικόν.
826 1768 885 1824 Sed
912 1766 1039 1824 conseras
1067 1765 1200 1838 Gregor..
1220 1759 1285 1821 Cor
1313 1783 1345 1839 p.

209 1849 307 1927 5.(ιιι
330 1847 456 1924 Schaei.)
478 1849 580 1910 Creuz.
601 1847 663 1910 Art.
685 1849 760 1910 Hist.
783 1869 812 1926 p.
837 1854 895 1921 191,
919 1857 948 1907 et
972 1849 1062 1906 Photii
1080 1848 1152 1908 Cod.
1176 1849 1224 1906 lX.
1246 1867 1274 1924 p.
1300 1852 1346 1924 ιιι),

210 1934 257 1996 ubi
279 1933 406 2009 ιιινικῆς
430 1931 586 1996 διαλέκτου
606 1929 710 1994 κανών
730 1933 887 2010 appellatur
907 1933 1081 1992 Herodotus.

293 2019 482 2116 Hippocrates
507 2019 579 2076 enim
601 2019 724 2078 medicus
745 2035 836 2092 aeque
857 2037 891 2076 ac
910 2017 1078 2094 logographi
1099 2013 1159 2076 siae
1183 2032 1217 2072 ea
1238 2019 1299 2074 arte
1315 2020 1348 2074 ct

208 2101 381 2172 artificio,
359 2121 418 2160 sine
439 2103 551 2176 poetico
576 2103 682 2174 colore,
715 2102 825 2176 qualem
851 2103 928 2178 apud
954 2101 1132 2160 Herodotum
1158 2099 1347 2177 deprehendi-

142 2193 144 2197 “
208 2203 280 2256 mos,
304 2184 404 2245 tonica
425 2185 545 2243 dialecto
566 2187 610 2244 usi
630 2191 695 2242 sunt
711 2186 812 2260 partim
834 2185 949 2260 simplici
971 2185 1072 2262 partim
1093 2185 1246 2242 turmarum
1274 2201 1347 2257 qrra-

208 2269 336 2326 rumdam
370 2269 547 2342 degenerum
585 2270 771 2340 enumerante,
810 2287 981 2344 quamquam
1013 2267 1216 2346 Hippocratem
1251 2263 1348 2326 Attica

209 2352 550 2427 quaedamadmiscuisse
570 2361 668 2412 notum
689 2361 731 2412 est
759 2353 808 2430 (cf.
831 2353 907 2412 Gies.
935 2353 952 2410 l.
982 2351 1000 2410 l.
1025 2372 1053 2430 p.
1078 2358 1128 2410 ιιι
1153 2351 1240 2425 sqq.).
1271 2349 1346 2430 He-

209 2438 327 2494 rorlotus
348 2455 415 2495 vero
441 2435 599 2508 artificiose,
629 2444 660 2497 ιιι
683 2438 742 2512 jam
769 2456 855 2515 supra
881 2437 990 2508 monui,
1019 2455 1099 2496 suam
1125 2435 1176 2493 sibi
1204 2435 1347 2510 propriam

209 2520 360 2579 dictionem
375 2523 546 2620 composuit3
565 2523 615 2580 sed
636 2529 730 2582 tamen
751 2541 785 2580 ea
806 2542 840 2580 ex
862 2535 947 2585 aalma
965 2541 1018 2598 ttto
1041 2537 1138 2582 norma
1160 2517 1278 2576 habetur
1293 2517 1346 2575 Jo-

209 2605 287 2664 nicae
310 2606 432 2685 dialecti,
454 2607 519 2682 quia
540 2606 739 2682 simplicissime
764 2626 807 2680 ea,
828 2625 901 2679 quae
921 2612 1022 2662 natura
1042 2605 1105 2662 huic
1134 2601 1260 2660 dialecto
1279 2607 1347 2658 suut

209 2689 301 2759 insita,
326 2690 473 2764 explicuit,
496 2689 558 2744 et'
551 2707 578 2744 ιιι
606 2707 714 2746 summa
746 2689 921 2762 simplicitate
948 2689 1019 2746 nitet
1046 2687 1195 2746 cultissima
1218 2684 1347 2742 oratione

209 2777 238 2828 et
260 2771 397 2841 ubertate,
420 2777 507 2841 atque
527 2770 650 2828 medium
672 2770 831 2844 quiddam
828 2771 925 2834 tenuit
950 2771 1022 2830 inter
1048 2787 1176 2845 asperam
1204 2769 1345 2866 quandam
1416 2843 1418 2848 Α

209 2853 373 2910 tenuitatem
394 2851 616 2923 ruditatemque,
640 2859 669 2910 et
690 2852 801 2910 nimium
829 2852 938 2910 artificii
958 2852 1082 2912 studium
1107 2859 1135 2910 et
1163 2855 1243 2928 quasi
1266 2852 1347 2910 luxu*

209 2937 277 2999 ιιιιιι
301 2934 418 2992 aliorum
446 2933 473 2990 in
502 2934 661 2994 adhihenda
689 2934 789 2995 Jonica
817 2935 929 3010 lingua3
962 2953 1048 3014 quum
1080 2935 1153 2992 enim
1182 2937 1348 3008 Jonismum,

210 3017 298 3092 qualis
321 3024 364 3076 est
385 3017 501 3074 aliorum
523 3026 551 3076 et
572 3018 600 3074 in
611 3019 805 3096 Hippocratis
832 3019 953 3094 scriptis,
976 3036 1048 3091 quae
1070 3016 1182 3088 quidem
1204 3017 1297 3075 multis
1319 3019 1350 3076 in

208 3102 335 3178 partibus
350 3100 517 3168 recentiores
539 3102 665 3178 produnt
685 3107 815 3160 auctores
839 3109 868 3160 et
893 3101 984 3158 adhuc
1002 3102 1165 3172 exspectant
1186 3114 1265 3154 suum
1294 3100 1348 3156 cri-

209 3187 303 3258 ticum,
326 3184 560 3263 contemplamur,
588 3203 673 3264 saepe
699 3186 826 3246 videmus
852 3183 987 3244 luxuriam
1014 3180 1156 3256 quandam
1183 3185 1269 3256 atque
1296 3183 1348 3241 de-

208 3269 357 3332 flexionem
389 3288 406 3326 a
436 3269 536 3328 nativis
564 3269 826 3348 simplicissimisque
857 3268 955 3328 formis
975 3267 1020 3323 ad
1047 3263 1131 3338 alias,
1160 3265 1208 3322 ubi
1236 3265 1348 3324 vocales

210 3355 346 3430 quasdam
364 3353 521 3427 illegitimas
540 3353 621 3428 juxta
645 3356 727 3414 aliam
752 3352 875 3412 vocalem
897 3351 942 3409 vel
964 3349 1172 3449 diphthongum
1191 3350 1256 3408 ideo
1281 3369 1347 3426 per

209 3453 305 3515 peram
332 3439 522 3512 inseruerunt,
551 3439 630 3514 quod
663 3457 759 3496 eorrrm
789 3453 871 3494 aurea
898 3435 983 3494 hac
976 3454 1003 3492 ιιι
1034 3431 1155 3490 dialecto
1187 3433 1347 3508 adhihenda

117 3567 123 3593 ,
210 3521 295 3581 semel
316 3521 490 3580 assuefactae
512 3529 591 3581 erant
613 3523 650 3580 ad
672 3539 772 3579 sonum
800 3519 997 3578 dissolutarum
1026 3516 1270 3594 diphthongorurn'
1294 3518 1347 3576 du·

209 3603 369 3682 plicamque
391 3605 537 3677 vocalium,
560 3623 677 3680 quarum
699 3606 788 3682 prima
808 3621 895 3679 qurum
922 3603 1042 3677 vulgae
1067 3602 1106 3658 rai
1128 3609 1228 3660 natura
1256 3600 1348 3660 littera

211 3689 333 3760 cesset,
356 3706 389 3746 aa
411 3690 493 3749 etiarn
515 3696 581 3750 ante
602 3688 668 3748 aliar
690 3686 859 3751 vomisset
887 3687 1080 3763 diphthongos
1107 3703 1163 3742 non
1191 3683 1348 3744 dissolven-

212 3772 264 3829 dus
281 3773 342 3829 sine
364 3791 448 3830 causa
472 3778 514 3828 est
536 3775 649 3830 intrusa.
694 3771 760 3838 ero
780 3778 872 3830 autem
894 3777 1021 3848 tempure
1044 3769 1113 3825 haec
1134 3767 1244 3824 dialecti
1264 3766 1348 3822 Joni·

212 3873 261 3912 cae
281 3855 348 3915 vitia
371 3857 489 3930 grassari
513 3858 675 3933 inceperint,
702 3861 730 3914 et
752 3873 835 3931 quam
862 3854 918 3912 late
948 3871 1062 3928 quoque
1079 3857 1205 3928 tempore
1221 3855 1347 3926 pateant,

213 3957 381 4016 quamquam
405 3938 518 3996 difficile
535 3959 596 3997 esse
618 3941 728 3996 videtur
748 3943 877 3997 accurate
897 3937 1025 4010 definire,
1046 3943 1140 3992 tamen
1164 3941 1196 3992 ιιι
1215 3933 1349 3991 Herodo-

213 4032 273 4082 tum
294 4024 365 4082 ab''
349 4042 381 4081 ns
406 4023 574 4082 abstinuisse
595 4023 747 4094 contendo,
770 4025 809 4082 sic
835 4023 956 4098 quadam
973 4040 1008 4078 ex
1028 4024 1110 4123 parte
1136 4037 1202 4076 vere
1232 4017 1265 4074 iis
1290 4017 1349 4090 jam

213 4109 240 4166 ιιι
244 4111 315 4170 fecta
347 4127 409 4168 esse
439 4106 621 4185 Hippocratis
652 4108 771 4185 scripta,
799 4108 904 4183 quippe
934 4123 1007 4179 quae
1033 4100 1166 4180 diapasoa
1194 4095 1275 4160 ’luido
1301 4117 1350 4157 ex·
1447 4123 1475 4156 ,ι

214 4195 373 4270 presserint,
395 4193 470 4254 haud
493 4209 575 4268 nego.
619 4191 658 4252 Et
679 4199 710 4248 ut
738 4191 849 4248 omnino
880 4189 978 4246 Jonica
1006 4185 1178 4246 dialectos
1171 4205 1200 4242 ιιι
1227 4195 1350 4242 emerem

160 4323 167 4328 -
214 4283 244 4337 et
270 4295 371 4336 noram
402 4275 529 4334 distribui
556 4275 644 4352 solet,
668 4276 707 4333 sic
741 4281 770 4332 et
799 4274 868 4332 haec
894 4291 990 4330 recens
1016 4271 1044 4328 in
1073 4271 1178 4347 specics
1204 4267 1350 4344 quasdam,
1395 4347 1399 4354 ἡ

215 4360 386 4444 procedente
406 4366 532 4443 tempore
552 4364 643 4434 natas,
666 4357 817 4422 dividenda
838 4375 900 4420 esse
918 4356 982 4420 mihi
999 4355 1118 4416 videtur.
1153 4353 1212 4414 Sed
1229 4351 1352 4414 medium
