2980 5032
486 280 532 342 ue
552 255 857 344 camusnanesre
878 285 925 348 rra.
948 241 985 344 ι’
1020 353 1029 371 ,
1242 279 1282 345 11

143 449 211 512 illud
236 451 273 510 ab
301 449 423 526 antiquis
449 449 549 508 criticis
564 451 654 510 ‘omni
685 451 714 510 in
745 467 851 526 genere
884 451 1098 530 praedicabatur
1129 452 1282 530 optinentur

144 555 233 611 qnare
254 553 291 594 ex
312 535 402 594 tribus
421 533 484 610 illis,
505 535 555 609 qni
580 535 720 612 principes
744 535 891 608 hahentur,
910 536 1022 610 tragicis
1046 555 1139 612 neque
1158 535 1284 613 Aeschy-

144 619 172 678 lo
193 638 288 694 neque
310 619 441 696 Euripidi
458 619 510 678 sed
534 619 669 694 Sophocli
691 618 784 696 palma
805 627 848 678 est
873 619 976 680 delata.

229 705 317 778 Atqui
345 723 408 760 oum
437 702 519 762 rebus
554 702 606 760 illis
639 702 805 762 Herodoteo
844 703 970 764 Jouismo
1004 704 1124 780 propriis
1155 702 1283 764 mollities

143 788 301 864 quaedam,
329 785 445 846 Jouicae
465 787 544 862 genti
558 785 654 846 Asiam
680 788 831 858 minorem,
855 787 987 864 inprimis
1011 786 1132 863 Lydiam
1152 786 1284 848 incolenti

142 873 289 950 nahra-et
313 872 433 931 maxima
457 869 553 949 paullo
575 877 642 930 ante
669 869 779 930 Persica
809 871 896 947 bella,
924 871 1074 945 coniuncta
1103 877 1161 942 est,
1183 889 1283 945 quam-

143 974 229 1030 quam
250 973 337 1032 saepe
357 956 427 1018 haec
449 955 550 1014 Jouica
571 955 705 1014 disiectus
732 956 872 1015 consentit
906 975 968 1012 curn
997 955 1164 1030 quibusdam
1192 973 1283 1014 norae

143 1038 265 1098 Doricae
290 1039 412 1116 dialecti,
434 1039 544 1115 qualem
566 1040 642 1116 apud
661 1039 843 1099 Theocritum
864 1040 1027 1111 invenimus,
1049 1039 1196 1098 vorborum
1214 1058 1283 1118 cou-

143 1123 374 1194 formationibus3
396 1124 478 1182 unde-
496 1123 577 1182 iacile
602 1123 701 1197 conjici
721 1124 819 1201 possit,
841 1123 915 1189 hanc
940 1141 1114 1182 communem
1135 1141 1219 1196 quam
1233 1141 1284 1184 su-

142 1226 194 1284 pra
216 1207 379 1270 litterariam
409 1207 528 1266 diximus
556 1206 705 1266 dialectum
732 1207 848 1284 propius
878 1206 994 1264 Caricac
1022 1207 1171 1264 accessisse
1199 1225 1282 1282 quam

143 1292 270 1362 Samiac3
296 1310 354 1366 quo
372 1292 480 1356 accedit
501 1290 585 1349 etiam
606 1291 728 1348 affinitas
752 1292 890 1366 quaedam
911 1290 1096 1348 Herodoteae
1116 1296 1145 1348 et
1171 1291 1283 1369 Hippo·

143 1380 254 1433 crateae
274 1375 386 1435 dialecti
411 1394 474 1432 cum
495 1381 589 1432 vetere
605 1373 762 1432 Atticismo.

230 1459 261 1514 Si
286 1458 451 1521 Herodotus
479 1459 564 1533 igitur
590 1479 658 1536 prae
685 1459 782 1516 ceteris
811 1478 865 1539 pro
896 1476 994 1516 norma
1020 1457 1138 1516 recentis
1168 1456 1284 1526 Jonieaa

145 1541 254 1600 dialecti
275 1548 320 1602 est
341 1543 497 1614 habendus,
519 1544 547 1601 in
570 1544 672 1600 nostris
689 1550 782 1600 autem
807 1543 875 1600 Mss.
901 1543 947 1600 vix
964 1541 1110 1614 vestigium
1128 1541 1212 1600 ullum
1230 1541 1284 1600 hu-

139 1627 187 1700 jus
208 1645 324 1684 normae
345 1633 388 1684 est
411 1626 550 1698 relictum,
573 1644 610 1686 ne
632 1629 658 1684 in
688 1627 721 1685 iis
749 1627 879 1700 quidem,
905 1626 955 1699 qui
984 1626 1089 1684 exarati
1120 1631 1187 1684 sunt
1217 1631 1283 1684 anta

142 1709 267 1768 seculum
291 1709 376 1781 Xllb,
399 1728 456 1784 quo
479 1711 628 1787 praecipue
649 1711 862 1785 negligentiam,
885 1709 1020 1768 inscitiam
1042 1714 1128 1784 atque
1155 1709 1283 1776 inertiam

141 1794 318 1851 librariorum
356 1794 412 1852 late
447 1795 543 1869 vagari
577 1795 712 1870 incepisse
745 1794 846 1852 sumtis
876 1794 933 1866 (cf.
967 1793 1078 1852 Heercn
1109 1793 1127 1850 l.
1155 1793 1173 1850 l.
1201 1793 1225 1856 I.
1251 1813 1282 1870 p.

142 1883 194 1936 303
214 1879 308 1953 sqq),
328 1884 360 1936 ut
381 1877 474 1936 Codri.
501 1878 540 1938 ld.
562 1877 598 1936 F.
619 1877 651 1934 P.
676 1898 701 1936 a.
725 1877 775 1954 (cf.
798 1877 900 1936 Praeti.
923 1877 1012 1935 Wess.
1036 1877 1283 1950 armaretque

141 1961 234 2024 Wess.
257 1961 334 2021 Iliss.
355 1958 522 2040 Herodoti,
542 1967 759 2022 cousentaneum
781 1967 834 2032 est,
859 1961 919 2018 illas
932 1961 1028 2018 Codri.
1053 1959 1283 2020 Herodnteoruns

141 2046 359 2123 deprecationes
397 2065 486 2122 usquc
518 2046 554 2106 ab
582 2047 779 2120 antiquissimis
808 2045 982 2120 temporibus
1012 2044 1178 2121 repetendas
1213 2061 1282 2107 esse·

141 2128 245 2204 Neque
273 2148 342 2188 vero
367 2129 468 2192 desunt
493 2129 575 2188 uobis
600 2129 683 2205 hujus
714 2131 753 2188 rei
782 2131 933 2189 certissima
959 2133 1085 2187 veterum
1115 2127 1283 2203 scriptorum

141 2213 300 2272 testimonia
320 2219 407 2289 atque
437 2213 547 2271 indicia.
594 2211 690 2288 Atque
718 2214 776 2288 jam
803 2212 968 2272 Aristoteles
996 2230 1047 2268 sno
1076 2211 1103 2269 iu
1133 2211 1283 2287 exemplari

142 2298 250 2356 initium
271 2297 429 2357 Herndntei
451 2297 543 2376 operis
565 2297 644 2355 aliter
664 2317 698 2354 ac
717 2315 770 2354 nos
798 2298 900 2372 legisse
926 2298 1051 2369 videtur,
1080 2315 1167 2370 quum
1193 2295 1224 2352 id
1254 2296 1283 2354 in

142 2379 240 2442 Rhett
267 2381 316 2440 lll.
339 2382 438 2442 9init.
461 2383 501 2442 sic
521 2380 666 2444 exhibeats
691 2375 852 2457 Ἡροδότου
877 2383 1009 2458 Θουρίου
1030 2375 1185 2456 uitiatoris
1206 2373 1283 2442 sici-

143 2464 390 2541 drsgrq,-cnjus
417 2463 614 2541 appellationis
638 2465 770 2540 Θουρίου
792 2464 896 2522 nostris
918 2465 947 2520 in
974 2463 1042 2520 Mss.
1069 2481 1107 2520 ne
1134 2462 1283 2536 vestigium

144 2548 259 2622 quidem
291 2568 367 2610 nunc
393 2549 525 2606 invenias.
574 2547 633 2604 Sed
655 2547 738 2608 etiam
765 2545 839 2604 Plut.
872 2547 908 2604 de
933 2546 1024 2604 Exilio
1046 2565 1070 2606 c,
1105 2549 1138 2604 13
1165 2547 1283 2617 eandem

142 2632 297 2710 scripturae
315 2633 478 2695 varietatem
503 2632 745 2702 commemoravitq
769 2627 801 2690 mi
823 2626 856 2690 nt
882 2625 1067 2706 „quorlo'roo
1088 2624 1284 2708 Ἀλικαρνασ-

143 2713 220 2788 σέως
242 2710 397 2788 ἀπόδειξις
422 2711 501 2790 r‘idsi‘
522 2713 628 2776 πολλοὶ
651 2709 878 2794 μεταγράφουσι
903 2707 1091 2787 „hipolitus
1120 2711 1284 2790 Θουρίου.“

153 2857 155 2862 ,
228 2799 377 2858 Praeterea
387 2799 530 2864 Philemon
542 2800 749 2875 grammaticus,
761 2799 810 2874 qui
827 2799 965 2858 referente
977 2797 1134 2874 Porphyrio
1151 2796 1283 2872 (Qnsest

142 2883 227 2942 Hom.
251 2903 274 2944 c.
298 2883 374 2940 Vlll.
400 2877 428 2961 p.
454 2889 487 2942 18
515 2902 578 2958 sqq.
603 2883 794 2960 [Argentorati
816 2903 891 2941 anno
923 2881 1071 2960 1539]*)),
1089 2881 1284 2941 Herodoteam

143 2968 298 3027 acchonem
322 2969 471 3039 recensuit,
492 2967 583 3028 miultis
606 2987 657 3027 suo
687 2967 744 3042 jam
771 2965 952 3042 teuqrore**)
982 2967 1076 3029 Godd.
1103 2966 1285 3030 Herodnteos

142 3052 215 3110 vitiis
241 3052 372 3109 foedatos
394 3071 456 3112 esse
477 3052 609 3124 affirmat,
630 3051 738 3128 ipsique
760 3051 957 3126 negligentiam
983 3050 1156 3114 librariorum
1179 3049 1208 3108 in
1223 3054 1284 3108 sta-

142 3134 267 3192 bilienda
287 3136 411 3208 quadam
433 3136 570 3212 scriptura
592 3135 683 3193 scandi
705 3136 800 3204 fuisse,
830 3135 901 3192 inira
928 3155 957 3210 p.
985 3139 1019 3192 65
1049 3153 1091 3208 aq.
1118 3133 1283 3198 videbimus.

143 3217 183 3280 Et
212 3224 348 3292 quandum
370 3238 405 3278 ex
437 3219 574 3296 corruptis
604 3225 632 3276 et
658 3218 792 3276 mutilatis
822 3219 993 3292 grammatici
1021 3219 1165 3292 cujusdam
1192 3217 1284 3278 varb‘u

143 3301 172 3359 in
194 3301 293 3360 Hortis
315 3300 453 3361 Adonidis
475 3303 562 3362 sideri
578 3302 651 3374 licet,
668 3302 850 3361 Herodianus
867 3303 1064 3376 grammaticus
1086 3319 1138 3380 pro
1163 3302 1284 3377 vulgatis

142 3377 222 3446 Ἰοῦν
240 3379 300 3457 ,τὴν
324 3376 439 3463 Ἰνάχου
461 3387 486 3446 Ι.
512 3394 536 3446 1.
559 3387 692 3464 scripturn
708 3386 936 3460 legisseridetur
955 3382 1012 3463 τήν
1025 3380 1169 3464 Ἰναχοῦν,
1191 3387 1285 3450 Euan

146 3465 223 3541 apud
250 3465 423 3540 Stephanum
443 3471 611 3546 Byzantium
632 3471 746 3528 uomina
774 3470 912 3544 quaedam
938 3471 1068 3546 propria,
1094 3478 1126 3528 ut
1151 3472 1285 3530 flando

144 3555 202 3621 tea,
224 3547 352 3624 inveniri,
373 3551 450 3626 qnae
466 3571 525 3612 nou
544 3554 596 3612 uisi
622 3555 792 3631 depravatas
822 3553 937 3627 alicujus
966 3555 1041 3612 verbi
1072 3557 1230 3633 scripturae
1254 3563 1285 3626 et

145 3637 256 3692 mutato
278 3635 560 3709 accentuiiortgtnem
587 3637 730 3710 deberent,
748 3637 806 3711 jam
831 3637 908 3694 docti
928 3637 1092 3715 interpretes
1117 3641 1205 3699 adl.
1235 3646 1286 3701 las

144 3722 330 3786 monueruut;
352 3717 396 3773 cni
412 3716 474 3774 loco
497 3719 587 3775 addas
609 3725 638 3776 ct
662 3723 788 3778 conferas
810 3721 894 3778 alium
916 3722 998 3780 etiam
1019 3724 1160 3798 quendam
1182 3725 1204 3786 l.
1235 3727 1285 3784 176

144 3797 265 3858 Aldinae
293 3799 425 3858 editionis
448 3806 476 3858 ct
497 3819 570 3879 quae
596 3821 630 3860 ex
654 3822 688 3866 ea
708 3806 873 3870 auctoritate
897 3807 1035 3889 pendant,
1061 3809 1214 3872 editionum
1230 3809 1286 3870 Bc

147 3923 349 3942 -o--—-—·

214 3984 237 4048 *l
256 3984 317 4040 Hoc
334 3990 423 4052 caput,
442 3983 479 4036 de
493 3981 646 4040 condicione
664 3999 695 4036 ac
712 3984 899 4052 depravatione
915 3987 966 4041 illis
982 3989 1034 4056 jam
1049 3988 1208 4058 temporibus
1218 3987 1287 4044 haud

143 4068 204 4104 rara
224 4051 290 4103 Mss-
309 4051 445 4116 librorum‚
473 4051 596 4120 imprimis
614 4068 700 4103 rerum
722 4053 877 4123 scriptorum
895 4068 924 4110 et
941 4055 1091 4126 poetarum,
1111 4055 1287 4112 memorabiles

145 4120 279 4174 continens
294 4127 445 4185 res‚.totum
464 4121 514 4172 hnc
532 4121 777 4192 transscripsissem‚
796 4125 846 4178 nisi
864 4125 965 4178 veritus
982 4143 1065 4178 essem
1084 4125 1172 4194 plures
1191 4141 1223 4176 ne
1238 4125 1287 4178 lm·

144 4187 241 4261 plorem
260 4188 371 4256 paginas
390 4193 466 4242 rebus
481 4191 594 4248 sortasse
612 4190 729 4244 omnihus
744 4192 797 4258 jana
815 4193 880 4245 satis
898 4193 977 4246 notis.
1280 4221 1283 4230 ·

216 4258 250 4320 ”l
269 4258 310 4310 bs
326 4257 403 4324 buius
420 4257 577 4314 Philemonis
595 4259 755 4325 gemmatici
772 4267 862 4313 astam
880 4261 1040 4326 aliorumque
1063 4258 1180 4326 ejusdcm
1204 4261 1287 4324 numi·

145 4321 185 4384 uis
204 4323 380 4389 risle-Osann,
399 4325 545 4402 Prolegom.
562 4325 598 4385 ad
616 4327 723 4384 Putrem.
740 4345 783 4403 pr.
800 4329 882 4403 [trag.
902 4347 929 4405 p.
948 4327 996 4380 Vl.
1020 4341 1079 4404 sqq.
