3014 5016
445 1397 992 1556 murnentanus.
1099 1469 1104 1477 »

612 1746 772 1754 ——---—--

511 2002 557 2080 lte
576 2003 671 2064 verbu
690 2001 878 2074 Hernduteu.

366 2204 387 2260 1.
421 2203 467 2260 De
491 2206 652 2280 augmentis
674 2210 704 2262 et
725 2205 762 2262 de
783 2203 1019 2282 reduplicatione.

213 2353 303 2410 Vetus
323 2357 386 2411 erat
406 2353 651 2426 grammaticorum
673 2353 788 2436 opium,
809 2355 868 2429 jam
896 2354 963 2411 oiim
992 2351 1258 2410 invflomericurum

128 2437 282 2494 carminum
303 2437 432 2494 oratione
454 2437 653 2493 constituenda
674 2437 816 2512 exponite,
836 2436 950 2513 saepius
972 2438 1056 2493 etiarn
1079 2444 1178 2494 contra
1197 2454 1258 2492 me·
1340 2499 1344 2507 ⁸

127 2519 166 2576 tri
188 2521 327 2577 rationem
347 2517 484 2591 adhibita,
505 2519 597 2592 magis
613 2536 677 2574 esse
695 2518 953 2589 Ionicum-verbis
972 2525 1152 2591 augmentum
1174 2518 1258 2589 demi,
1364 2550 1367 2559 ι

127 2609 177 2658 ant
199 2621 253 2678 pro
276 2603 355 2658 libito
370 2601 455 2659 Ioues
470 2608 651 2675 augmentum
672 2601 854 2677 praemiairse
873 2601 918 2657 vel
940 2601 1078 2659 omisisse.
1098 2599 1149 2677 (ci.
1165 2599 1259 2672 Heyn.

127 2684 166 2741 ad
184 2684 217 2742 ΙΙ.
240 2684 278 2746 Τ.
300 2684 384 2758 vlu,
406 2704 435 2762 p.
456 2689 509 2744 996
531 2704 575 2760 sq.
606 2685 656 2743 Fr.
681 2683 830 2742 Thierseh.
852 2703 896 2760 gr.
917 2705 961 2760 gr.
990 2704 1020 2760 p.
1040 2687 1102 2747 963.
1123 2687 1176 2741 388
1196 2682 1257 2758 (ed.

128 2767 220 2845 tert.)-
253 2769 399 2846 Iuterppr.
426 2769 463 2826 ad
486 2767 578 2844 Greg.
598 2769 666 2827 Cor.
687 2789 717 2846 p.
738 2773 791 2827 406
812 2787 856 2846 sq.
876 2767 934 2845 —-·-)
976 2769 1069 2836 Quam
1095 2765 1260 2844 opinionem

127 2850 216 2910 muita
242 2853 297 2910 huc
324 2855 352 2909 in
379 2873 484 2928 genere
511 2855 595 2912 etiarn
618 2853 801 2912 Herodoteae
827 2855 968 2929 genuinae
997 2852 1134 2910 orationis
1154 2851 1259 2927 depra-

127 2954 210 2994 vasse
235 2955 300 2995 meo
328 2937 396 2994 mihi
420 2938 486 3012 jure
513 2938 689 2995 contendere
717 2937 826 2994 videor.
875 2937 935 2994 Sed
961 2936 1049 2994 fuisse
1074 2935 1194 3012 quadam
1224 2954 1259 2994 ex

126 3024 209 3097 parte
228 3020 345 3079 Ionibus
363 3021 509 3098 propriam
528 3021 672 3097 augmenti
693 3026 722 3078 et
741 3019 868 3098 syllabici
889 3027 920 3079 et
939 3016 1106 3098 temporalis
1126 3019 1259 3078 omittin-

125 3121 192 3162 nem
214 3106 298 3163 etiam
313 3105 478 3164 Herodotus
498 3125 588 3183 prosa
609 3106 739 3163 oratione
758 3123 827 3165 uana
845 3105 981 3180 deelarat3
1001 3105 1052 3182 qui
1065 3103 1153 3162 verba
1168 3120 1259 3179 quae·

128 3186 212 3262 dam,
241 3196 273 3247 ut
293 3181 450 3268 ἀρρωδέοι,
473 3185 585 3263 tandm,
606 3188 682 3271 ἔργω
705 3189 776 3263 alia,
803 3207 876 3266 quae
897 3209 916 3247 a
940 3188 1031 3247 vocali
1053 3187 1167 3246 Ionibus
1189 3204 1259 3264 pru·

126 3271 189 3348 pria
209 3273 326 3331 inducta
346 3281 431 3348 aaut,
459 3293 603 3351 nunquam
625 3275 706 3334 initio
728 3276 827 3346 auxit,
849 3274 906 3348 ‚aed
928 3273 1034 3347 ubique
1056 3271 1118 3328 ilias
1148 3271 1258 3328 tinem

126 3353 289 3412 immutatus
318 3358 457 3426 servarim
484 3375 579 3432 neque
608 3359 691 3414 etiam
718 3357 753 3413 iis
782 3355 931 3414 verborum
961 3354 1155 3430 temporibus,
1184 3371 1258 3427 quae

126 3436 222 3494 Ioniee
237 3438 268 3494 in
289 3438 447 3496 iterativum
468 3439 589 3497 formam
607 3440 635 3497 in
654 3437 734 3500 iiii
755 3439 956 3510 extenduntur,
976 3453 1101 3510 unquam
1121 3453 1258 3509 augmen-

126 3524 188 3577 tum
209 3520 367 3594 praemisit,
386 3522 440 3580 sed
455 3522 539 3579 dixit:
561 3523 778 3597 διαφθείρεσκε
792 3520 813 3577 L
827 3524 861 3577 ³6
885 3518 1005 3596 (δεεφθ.
1028 3515 1100 3576 mule
1122 3519 1186 3575 uod.
1205 3518 1257 3592 εκ).

126 3599 266 3664 ποιέεσκε
289 3601 336 3660 IV.
355 3605 397 3661 78.
441 3604 602 3666 ποιέεσκον
620 3606 642 3661 Ι.
657 3609 692 3663 36
713 3601 884 3678 (ἐποίεσκον
897 3607 961 3661 eod.
977 3602 1026 3680 e).
1069 3596 1134 3662 VII.
1154 3608 1170 3660 5
1191 3625 1258 3666 ποι·

126 3683 242 3750 eduxero
256 3685 382 3745 Weaaei
397 3685 491 3747 cans.
510 3689 544 3751 al.
565 3693 642 3746 recte
660 3705 723 3746 cum
745 3687 830 3750 codd.
852 3687 887 3746 b.
904 3707 930 3745 e.
952 3689 983 3745 d.
1010 3686 1164 3749 ποιὲσκετο
1183 3687 1257 3746 maie

125 3771 220 3832 nem.
240 3770 278 3829 M.
300 3769 333 3826 Ρ.
351 3769 389 3828 Κ.
411 3771 447 3830 F.
480 3771 617 3835 ἐποιέετο
635 3772 702 3832 edd.
721 3775 791 3830 vett.
810 3771 848 3844 S.
863 3790 889 3834 a.
933 3771 995 3833 VII.
1016 3774 1070 3832 119
1086 3770 1256 3834 ποιεέσκετο

126 3855 193 3914 Gai.
214 3855 250 3912 al.
284 3853 439 3918 ποιέσκεεο
464 3857 556 3915 nent.
583 3856 619 3914 F·
658 3854 789 3919 ἐποιέετο
812 3857 842 3919 S.
864 3856 899 3914 V.
944 3858 967 3918 1.
991 3864 1043 3916 100
1066 3855 1256 3931 ἐκπέμπεσκε.

125 3938 190 3999 VII·
212 3944 264 4006 106
285 3937 435 4018 πέμπεσκε
457 3941 513 4000 bis.
554 3942 579 4001 1.
606 3947 658 4000 100
686 3939 893 4016 ἐσπέμπεσκον.
911 3942 1003 4002 ΒεΙιΙι.
1035 3939 1257 4020 Ισεπὲμπεσκον

126 4021 200 4084 male
220 4024 327 4102 vulgat.
370 4023 393 4082 Ι.
413 4031 464 4086 148
484 4021 613 4105 ἄγεσκον
636 4025 676 4085 id.
696 4025 732 4084 ΙΙ.
756 4029 816 4084 174.
860 4022 1023 4107 loripedem»
1042 4025 1063 4086 Ι.
1085 4029 1146 4085 196.
1189 4021 1256 4086 ἐπι-

126 4109 256 4172 τείνεσκε
275 4107 300 4167 Ι.
323 4113 373 4168 186
396 4128 471 4168 nuue
494 4108 569 4186 vuulg.
591 4128 655 4168 cum
669 4111 701 4166 S.
715 4109 756 4167 Μ.
770 4109 809 4169 Κ.
824 4109 859 4171 al.
892 4110 1074 4173 ἐπετείνεσκε
1096 4108 1163 4166 edd.
1184 4114 1255 4166 vett.

127 4191 176 4258 ΙΙΙ.
198 4201 232 4253 ln
251 4192 417 4256 ἐθέλεσκον.
459 4194 547 4272 ἔσκον
567 4195 592 4253 Ι.
613 4197 664 4253 196
678 4192 732 4251 bis.
752 4192 803 4252 lv.
825 4198 886 4254 129.
906 4195 956 4253 IX.
971 4199 1017 4252 40.
1061 4191 1129 4254 ἔσκε
1148 4193 1169 4252 Ι.
1195 4196 1255 4253 196.

127 4274 177 4334 IV.
198 4283 260 4338 900.
287 4278 336 4346 Vl.
358 4283 420 4339 138.
447 4279 510 4338 Vll.
532 4283 583 4338 119
603 4277 659 4337 bis·
703 4276 824 4358 ἔρδεσκε
846 4277 910 4338 vll.
931 4283 977 4340 88.
1021 4275 1120 4356 ἔχεσκε
1139 4274 1190 4340 vl.
1211 4284 1254 4337 19.

127 4358 191 4420 vu.
214 4365 257 4427 10.
299 4363 474 4442 βαλλέσκετο
495 4364 547 4424 ΙΙΙ.
561 4367 605 4426 74.
649 4355 876 4428 ἀπελαύνεσκον
897 4358 1040 4427 VII.'119·
1085 4356 1256 4426 acutum
