2980 5032
450 1308 628 1410 trualt
657 1307 889 1413 PlllllilS.

88 1656 163 1763 Huc
190 1699 319 1774 tempore
341 1691 421 1772 Papa
443 1690 593 1774 Nicolaus,
622 1690 705 1771 huius
727 1697 846 1756 nominis
868 1694 997 1774 quintus,
1030 1713 1142 1776 otunes,
1167 1717 1243 1777 quae

88 1779 207 1853 quidem
231 1788 300 1838 tunc
326 1781 353 1838 in
377 1779 456 1838 ltalia
481 1781 676 1858 innotuerant,
702 1781 874 1840 Graecorum
894 1781 1001 1842 litteras
1030 1784 1056 1840 in
1085 1797 1243 1845 sermonem

31 1929 32 1932 Ἴ
85 1861 207 1922 latinum
233 1883 286 1940 per
308 1863 484 1922 doctissimos
510 1864 581 1924 illius
603 1867 735 1941 temporis
758 1867 832 1922 viros
854 1867 977 1925 converti
1000 1866 1105 1944 voluit,
1136 1857 1244 1926 ut'hoc

86 1947 194 2005 scilicet
217 1947 302 2004 modo
325 1948 439 2006 seientia
466 1954 495 2006 et
529 1949 652 2026 cognitio
680 1949 849 2008 Graecarum
875 1949 1046 2020 litterarum,
1075 1947 1154 2024 quod
1181 1958 1241 2010 stu-

86 2031 165 2088 dium
188 2051 246 2090 nou
273 2031 312 2088 ita
336 2030 423 2090 multo
446 2038 513 2090 ante
537 2029 680 2110 inceperat
710 2034 737 2090 iu
767 2033 846 2090 ltalia
872 2035 987 2105 florere,
1004 2036 1108 2109 *magis
1134 2035 1239 2110 magis·

87 2134 144 2190 que
166 2120 329 2190 augeretur,
350 2135 384 2173 eo
405 2124 533 2192 tempore
556 2115 795 2174 Laurentius-ille
814 2115 952 2176 Vallensis
975 2115 1116 2175 Herodoti
1141 2117 1241 2176 Histou

86 2199 142 2257 rias
168 2199 261 2257 latinis
287 2199 377 2256 verbis
401 2201 531 2258 reddidit.
575 2193 678 2276 Neque
699 2207 808 2272 tamen,
838 2201 1014 2276 quantumvis
1043 2216 1147 2278 magua
1169 2201 1241 2260 bene

86 2282 289 2359 eleganterque
311 2283 422 2342 dicendi
446 2283 527 2360 copia
554 2282 671 2342 valuerit
697 2283 744 2342 ille
771 2284 890 2342 lectores
913 2285 1022 2342 nlicere
1044 2303 1078 2344 ac
1109 2277 1239 2364 rotinere,

86 2373 183 2423 totum
204 2387 275 2444 opus
298 2369 396 2425 eadem
415 2367 575 2442 diligentiae
596 2374 624 2425 et
646 2367 730 2424 animi
754 2367 916 2425 attentionis
928 2369 1086 2426 constantia
1107 2381 1239 2445 persecu-

84 2457 133 2508 tus
155 2451 255 2526 est*);
277 2451 340 2524 sed,
356 2467 525 2525 quamquam
552 2451 618 2508 satis
641 2451 721 2507 certis
744 2452 914 2526 argumentis
939 2451 1013 2508 illum
1033 2453 1055 2508 si
1072 2466 1129 2510 nott
1147 2451 1239 2528 ipsum

86 2533 216 2592 codicem
238 2536 258 2590 S
280 2533 323 2592 vel
346 2533 383 2612 V,
406 2539 499 2590 tannen
523 2553 607 2590 rruum
629 2533 672 2590 his
695 2533 861 2590 simillimum
887 2541 954 2590 ante
982 2533 1079 2592 oculos
1109 2535 1240 2592 habuisse

87 2615 219 2684 concludi
241 2626 346 2694 potest,
369 2635 430 2676 eam
455 2624 550 2674 tamen
572 2617 662 2694 ipsam
684 2617 841 2673 versionem
866 2615 990 2692 plurimis
1022 2617 1050 2674 iu
1081 2616 1149 2673 locis
1171 2617 1238 2689 ‚loco

86 2703 183 2776 graeci
212 2700 273 2758 libri
298 2702 379 2759 nobis
401 2695 559 2758 habendam
582 2719 653 2777 esse,
676 2698 790 2776 planum
816 2705 877 2770 est3
902 2700 938 2756 ad
965 2716 1067 2772 quarn,
1092 2716 1179 2774 quotu
1202 2701 1239 2759 de

86 2784 171 2842 rebus
202 2785 239 2842 ad
269 2784 417 2843 dialectum
444 2783 649 2862 pertinentibus
681 2783 809 2858 quaestio
836 2783 1003 2854 instituitur,
1033 2801 1097 2840 raro
1127 2789 1239 2842 tautum

86 2874 173 2943 atque
196 2873 277 2926 caute
302 2868 402 2946 respici
424 2887 519 2944 posse,
544 2887 627 2926 uerno
654 2887 711 2924 uon
740 2868 833 2938 videt3
857 2867 1018 2944 saepissime
1039 2885 1105 2925 vero
1128 2875 1157 2925 et
1179 2869 1239 2926 lere

30 2974 33 2985 ’
87 2969 200 3028 semper
222 2971 309 3027 quum
331 2953 470 3009 derebus
492 2947 629 3008 historicis
656 2952 808 3027 quaeritur,
831 2950 875 3008 vel
893 2951 1100 3026 geographicis,
1125 2951 1237 3026 mytho-

86 3033 185 3110 logicis
207 3035 413 3110 similibusque,
435 3036 472 3092 ad
494 3054 563 3109 quas
589 3036 665 3112 ipsas
687 3033 794 3092 facilius
819 3041 906 3108 atque
931 3034 1104 3090 commodius
1129 3051 1237 3108 eogno-

86 3115 208 3178 scendas
230 3121 305 3178 facta
327 3119 363 3178 sit
383 3117 430 3176 illa
452 3120 552 3178 versio.
595 3115 725 3176 Necdum
754 3117 827 3174 enirn
856 3117 1010 3174 admodum
1032 3117 1070 3174 ad
1096 3133 1237 3192 gramma·

86 3203 170 3261 ticam
206 3220 337 3280 graecam
368 3203 597 3280 perdiscendam,
629 3201 732 3260 nedum
758 3201 796 3258 ad
827 3199 962 3259 dialectos
988 3201 1099 3278 penitus
1128 3217 1237 3274 coguo-

28 3357 29 3360 ,
85 3288 217 3363 secudas,
242 3286 384 3360 adjecerat
404 3287 524 3344 animum
542 3285 588 3344 illa
613 3292 701 3356 aetas,
723 3286 829 3362 quippe
858 3301 930 3359 quae
951 3279 1019 3340 nihii
1037 3283 1096 3356 jam
1118 3282 1237 3361 amplius

28 3441 29 3450 ἵ
85 3389 148 3428 esse
174 3371 342 3446 gloriaretur
370 3389 419 3427 cur
444 3369 618 3428 Graecorum
647 3369 745 3427 litteris
773 3367 962 3434 invideretur,
990 3385 1025 3426 ex
1054 3385 1112 3440 quo
1143 3367 1237 3440 omnia

28 3473 29 3510 3
84 3472 179 3530 paene
205 3471 302 3510 eorum
331 3454 436 3531 scripta
457 3453 485 3511 in
509 3454 628 3512 latinum
653 3469 733 3510 versa
754 3449 979 3526 legerentur**).
1012 3445 1101 3509 Erant
1115 3451 1237 3523 ,quidem

27 3547 29 3550 ·
83 3536 134 3592 illo
160 3543 288 3614 tempore
309 3538 386 3614 apud
405 3535 490 3594 ltalos
507 3535 643 3596 nonnulla
661 3536 843 3612 grammatica
867 3535 981 3610 scripta,
1008 3538 1039 3590 nt
1058 3532 1118 3590 libri
1136 3533 1235 3590 Coust.

82 3618 227 3696 Lascaris‚
255 3619 363 3693 Gazae,
390 3619 586 3698 Chrysolorac,
611 3619 744 3696 aliorum,
764 3637 821 3676 uon
842 3623 937 3674 tamen
961 3616 999 3672 ad
1024 3617 1111 3692 ipsam
1142 3633 1237 3694 gram·

83 3705 215 3762 matinam
239 3723 368 3780 graecam
393 3705 604 3782 perdiscendam
630 3705 721 3776 facta,
747 3704 799 3760 sed
832 3701 933 3776 quibus
961 3700 998 3757 ad
1026 3699 1161 3776 legendas
1193 3699 1236 3758 in·

83 3787 311 3864 telligeudasque
327 3807 374 3847 eas
395 3785 449 3863 res,
471 3808 544 3864 quae
560 3789 667 3864 graecis
686 3784 782 3844 litteris
800 3786 987 3856 continentur,
1012 3784 1058 3840 via
1077 3783 1235 3862 patefieret.

171 3871 318 3938 Quantum
340 3878 435 3931 tamen
457 3872 541 3950 absit,
564 3879 596 3928 ut
618 3871 731 3929 meritas
752 3868 867 3941 laudes,
899 3867 1002 3943 quibus
1031 3874 1099 3924 tuuc
1121 3865 1159 3922 illi
1184 3863 1237 3922 viri

82 3973 238 4032 eorumque
249 3957 422 4032 grammatici
433 3955 495 4013 libri
515 3956 730 4026 extollebantur,
756 3953 857 4030 quibus
881 3953 910 4010 in
928 3951 1128 4031 componendis
1150 3949 1238 4008 multa

27 4123 29 4204 l
116 4142 119 4148 Ι
150 4165 176 4231 *)
196 4167 239 4220 Cf.
260 4165 377 4221 Grunerl
396 4163 539 4222 comment.
559 4165 592 4219 de
607 4161 743 4220 Herodoto
768 4163 801 4216 ab
825 4160 973 4232 interpreti.
1000 4156 1135 4216 nonsatis
1158 4161 1238 4210 caute

82 4240 201 4287 arctato
219 4253 247 4306 p.
263 4235 278 4288 l
297 4251 336 4306 tq.
355 4246 382 4289 et
400 4253 475 4306 quem
499 4233 617 4288 laudavit
635 4233 810 4302 Epetium,
828 4233 861 4284 de
879 4232 956 4284 claris
971 4231 1118 4296 iuterprett.
1133 4244 1160 4298 p.
1175 4223 1237 4289 218,

82 4313 164 4370 atque
184 4310 324 4370 praeterea
341 4306 432 4360 Praei.
452 4304 565 4358 Wessel.
584 4305 617 4356 sd
636 4299 737 4354 Herod.

150 4373 188 4434 ⁸⁴)
208 4372 251 4425 Gt.
275 4371 390 4439 Heereu,
410 4371 510 4429 Gesclt.
528 4371 554 4425 d.
569 4372 644 4427 stud.
662 4371 709 4423 der
727 4359 861 4422 clssfflcls.
876 4359 941 4417 Litt.
954 4355 1088 4491 ¹1⁶1le
1096 4367 1123 4413 et
1137 4357 1237 4427 lssbsq,
