2980 5032
396 357 472 433 gDe
496 361 611 420 dialecto
636 353 797 419 Herodotea
820 361 864 420 lib.
889 361 910 418 l.
1188 361 1227 424 17

171 525 380 602 Transgredior
397 527 456 601 jam
478 528 515 584 ad
537 527 619 586 alium
643 527 745 603 locnm,
768 529 814 601 qni
836 533 880 585 est
902 527 937 588 H.
965 527 1040 588 116:
1066 526 1153 596 Quod
1179 549 1225 588 ca-

39 611 40 614 ’
80 609 206 689 pitulum
232 629 331 686 aeque¹
347 629 380 668 ae
401 629 522 685 sequens
545 618 587 670 tot
609 613 751 686 tantisque
774 611 983 669 difficultatibus
1011 615 1112 687 premi,
1141 614 1224 671 Stru-

79 696 143 752 vius
168 695 239 752 dixit
260 697 359 772 (Spec.
385 694 406 751 l.
431 713 458 770 p.
493 699 528 752 43
556 695 617 752 coll.
647 715 675 771 p.
702 697 764 769 34),
788 699 817 752 et
848 713 960 752 manum
990 695 1224 772 interpolatricem

77 791 139 836 non
165 794 221 834 nno
247 779 274 834 in
301 779 363 835 loco
384 783 526 854 expertum
549 797 620 851 esse,
644 785 675 834 ut
697 779 742 835 alii
763 779 882 855 tempori
901 778 981 836 hane
1002 779 1222 854 disquisitionem

80 862 135 918 sibi
156 863 355 918 reservandam
374 881 443 920 esse
465 868 599 920 censeret.
631 863 689 918 Sed
707 869 797 920 morte
815 862 892 939 prius
910 869 953 920 est
973 861 1114 939 abreptus,
1138 881 1222 938 qnam

79 944 260 1023 propositam
281 945 399 1022 peregit.
443 945 484 1003 Ut
506 965 573 1014 vero
598 946 643 1002 ille
671 947 758 1003 rerba
783 941 851 1017 ίςδ
877 945 932 1003 δοο
960 963 994 1002 ex
1030 947 1122 1023 capite
1147 954 1222 1006 recte

39 1021 41 1100 l
79 1030 204 1104 ejecerat
225 1030 263 1086 ad
288 1029 420 1086 orationis
442 1035 567 1087 tenorem
588 1031 807 1101 restituendum,
829 1029 868 1085 sic
890 1029 944 1087 alia
973 1030 1056 1087 etiam
1079 1029 1163 1088 verba
1189 1037 1222 1090 ut

79 1113 175 1170 aliena
199 1111 368 1171 eliminanda
393 1131 453 1170 esse
480 1132 588 1172 censeo.
632 1113 782 1171 Herodoto
808 1113 880 1170 enim
902 1113 985 1170 etiam
1006 1111 1156 1171 'Homerus
1178 1117 1222 1172 ta-

79 1215 156 1254 mam
182 1195 255 1254 illam
278 1198 419 1274 accepisse
440 1197 521 1254 visus
537 1202 595 1268 est,
617 1194 807 1256 Alexandrum
833 1215 895 1253 cum
923 1201 1005 1270 rapta
1033 1197 1142 1255 Helena
1163 1216 1220 1256 noo

39 1349 40 1354 ἵ
80 1279 227 1350 continuo,
253 1286 285 1337 nt
307 1280 473 1358 Cypriorum
489 1282 639 1338 carminum
654 1289 753 1340 auctor
770 1285 881 1338 caneret
902 1279 950 1356 (cf.
969 1278 1051 1336 Enst.
1066 1279 1101 1337 Jl.
1118 1285 1221 1340 5032

79 1365 160 1438 643),
181 1362 298 1437 Trojam
315 1365 435 1442 venisse,
457 1365 507 1422 sed
525 1365 649 1423 adversis
667 1367 756 1424 ventis
772 1383 789 1422 a
811 1382 894 1422 cursu
910 1362 1067 1440 depulsum,
1096 1366 1133 1422 ad
1152 1365 1221 1424 Pro-

39 1451 40 1488 Τ
80 1453 157 1505 teum
178 1443 302 1523 Aegypti
328 1466 424 1523 regem
446 1448 568 1506 delatum
590 1467 667 1520 esse;
695 1450 745 1506 sed
772 1447 926 1522 neglexisse
953 1463 1015 1504 eam
1043 1448 1108 1505 ideo
1115 1488 1126 1522 ,
1153 1451 1221 1524 qnia

79 1549 138 1588 non
160 1531 278 1607 perinde
298 1531 336 1587 ad
363 1532 489 1588 carminis
510 1533 628 1590 sormam
654 1533 757 1590 decora
778 1532 876 1589 suisset
896 1538 982 1606 atque
1004 1531 1067 1607 ista,
1093 1547 1150 1606 qua
1175 1552 1220 1590 re-

77 1627 148 1671 vera
173 1621 248 1670 esset
263 1633 370 1671 usus„
390 1616 477 1673 Haud
499 1623 591 1674 tamen
614 1617 737 1674 nescium
758 1615 818 1690 ejus
844 1616 929 1674 fuisse
950 1615 1115 1686 Homerum,
1138 1624 1219 1692 post-

39 1707 40 1768 }
80 1714 166 1772 qnam
188 1697 288 1771 tribus,
309 1705 341 1756 ut
360 1715 434 1756 nunc
455 1701 556 1757 nostris
573 1701 697 1774 ,quidem
711 1701 738 1757 iu
758 1699 959 1776 exemplaribus
976 1699 1086 1774 legitur,
1113 1701 1220 1757 exHo·

39 1769 40 1844 l
78 1781 148 1839 meri
166 1781 337 1852 carminibus
360 1782 449 1840 citatis
472 1782 540 1840 locis
562 1783 777 1856 demonstrarit,
799 1801 850 1840 sno
869 1801 947 1840 rnore
967 1783 1074 1858 pergit:
1099 1783 1131 1843 ἐν
1147 1778 1220 1844 roo‘·
1274 1839 1276 1843 .

39 1847 41 1932 l
79 1882 157 1926 τοισν
187 1873 264 1925 τοῖσι
296 1863 379 1925 ἔπεσι
416 1864 517 1942 δηλοῖ,
554 1860 602 1927 ὅτι
623 1861 767 1945 ἠπίστατο
797 1861 856 1945 τήν
889 1866 921 1938 ἐς
948 1866 1103 1944 Αἴγυπτον
1135 1857 1219 1930 Ἀλε-

79 1941 215 2026 ξάνδρου
236 1942 363 2024 πλάνην.
407 1950 489 2016 Quae
511 1951 623 2026 quidem
649 1952 743 2033 νεοδοιι
754 1952 790 2008 ad
820 1950 940 2026 primum
967 1953 1077 2006 tantum
1102 1948 1219 2008 Homeri

80 2031 132 2106 (Ji.
153 2030 203 2089 Vl.
230 2034 297 2107 289)
318 2032 409 2090 locum
432 2035 583 2111 pertinent,
603 2035 714 2092 minime
735 2035 818 2091 etiam
839 2035 875 2091 ad
898 2035 976 2099 duos,
992 2034 1160 2110 posteriores
1184 2053 1218 2092 ex

80 2116 213 2192 Odyssea
235 2116 298 2190 (lv.
321 2120 373 2174 δαί
402 2123 431 2174 et
450 2119 518 2190 351)
544 2125 661 2187 sumtos,
682 2119 709 2176 in
734 2117 835 2192 quibus
852 2135 908 2174 non
924 2114 1076 2174 Alexandri
1093 2135 1217 2174 errorum

39 2177 41 2268 l
80 2219 143 2259 cum
164 2199 272 2258 Helena
293 2200 395 2256 mentio
417 2201 562 2274 injiciatur,
587 2203 638 2258 sed
664 2201 782 2260 Menelai
809 2207 838 2258 et
859 2201 992 2258 Helenae.
1027 2200 1122 2258 Etiam
1151 2216 1219 2278 pro-

39 2269 40 2356 l
80 2284 152 2340 xime
171 2283 316 2358 sequentia
333 2284 418 2341 verba
444 2283 582 2363 ὁμουρέει
603 2281 660 2365 yolo
681 2309 708 2344 κ.
737 2308 760 2343 r.
783 2288 809 2345 λ.
829 2285 866 2342 ad
884 2281 982 2341 Jliadis
998 2289 1108 2342 tantum
1126 2283 1218 2342 locum

39 2367 40 2376 ’
81 2371 157 2422 reete
179 2367 273 2424 referri
294 2373 430 2444 possunt,
454 2385 540 2441 quum
571 2369 598 2423 in
627 2386 661 2424 eo
691 2375 800 2425 tantum
828 2369 865 2424 de
896 2368 1021 2425 Sidoniis
1048 2369 1086 2424 sit
1117 2385 1217 2426 sermo

80 2447 228 2506 Praeterea
248 2449 286 2506 illi
312 2469 344 2506 ex
366 2450 494 2524 Odyssea
516 2449 587 2507 male
611 2452 704 2506 inserti
726 2451 778 2508 loci
799 2449 882 2525 plane
903 2457 1061 2528 repugnant
1081 2451 1125 2508 his
1150 2452 1217 2526 ipsi—

81 2551 114 2588 us
137 2532 276 2590 Herodoti
297 2532 388 2590 verbis
414 2534 514 2589 eodem
536 2533 627 2608 capite
648 2534 747 2609 positis
776 2532 827 2591 καί
854 2526 976 2614 οὐδαμῇ
1000 2529 1075 2610 ἄλλῃ
1104 2527 1217 2593 οἰνοπό-

39 2609 40 2680 l
82 2616 183 2690 droa*)
209 2609 328 2684 ἑωυτόν,
347 2622 375 2673 et
395 2614 448 2672 illis
468 2615 497 2672 in
519 2617 612 2691 capite
639 2617 764 2692 proxime
789 2621 925 2688 sequente
950 2615 1041 2673 obviis
1068 2611 1121 2674 καλ
1148 2609 1218 2676 τόδε

39 2713 41 2770 ξ
79 2694 116 2760 νδ
141 2699 307 2777 χωρίον**)
332 2693 390 2760 orire
414 2693 522 2777 ἥκιστα
547 2694 622 2758 cilici
645 2693 773 2776 μάλιστα
798 2699 902 2772 δῆλον,
924 2692 968 2758 iiro
994 2691 1053 2759 orire
1076 2692 1218 2777 Ὀμήρου

81 2778 117 2842 roi
145 2777 269 2861 Κύπρια
291 2777 367 2844 turoi
387 2781 446 2844 ἔστι
461 2805 488 2843 κ.
504 2804 529 2846 r.
555 2786 579 2842 λ.
605 2788 633 2840 et
655 2783 688 2845 ίν
710 2779 743 2842 δὲ
765 2776 865 2842 Ἱλιοίδι
897 2780 975 2863 λέγει
1007 2779 1047 2853 οἷς
1074 2779 1217 2855 ἐπλάζετο

81 2862 164 2946 ίίγων
186 2861 291 2942 αὐτήν.
336 2866 418 2934 Quae
443 2867 535 2923 omnia
559 2867 644 2924 verba
663 2866 736 2925 clare
752 2867 955 2938 demonstrant,
977 2866 1014 2923 de
1030 2885 1087 2924 nno
1108 2873 1218 2924 tantum

81 2968 171 3027 eoque
191 2949 285 3008 iliadis
306 2949 369 3008 loco
391 2951 507 3026 cogitari
519 2969 612 3027 posse,
635 2951 700 3025 quia
716 2951 819 3028 Cypria
841 2950 963 3008 carmina
979 2956 1025 3006 re's
1039 2956 1106 3007 ante
1121 2949 1217 3007 Aelnil-

39 3113 40 3116 ,
79 3033 111 3090 lis
131 3036 200 3092 iram
222 3041 317 3111 gestas
338 3036 488 3094 continent.
521 3033 623 3110 Neque
644 3053 711 3092 vero
733 3052 776 3091 me
793 3033 953 3112 praeteriit,
981 3031 1036 3090 hoc
1056 3039 1146 3092 totam
1168 3052 1215 3091 ca·

147 3248 173 3314 ⁶)
191 3247 230 3300 Ut
247 3247 313 3302 enim
328 3249 428 3318 Herod.
447 3250 478 3304 V.
497 3249 540 3316 92,
560 3249 576 3304 6
599 3250 667 3305 dixit
683 3246 863 3314 ἀναποδίζων
874 3245 1050 3315 edendorum,
1069 3249 1215 3302 idemtidem

80 3315 169 3368 eadem
186 3315 351 3385 interrogans
368 3319 416 3382 (cl.
433 3318 564 3388 Interppr.
583 3319 659 3374 Snid.
675 3337 696 3372 s.
714 3337 740 3371 r.
759 3313 949 3382 α’ναποδίζοιν,
968 3317 1068 3369 Pollux.
1094 3319 1130 3383 ll,
1153 3315 1216 3370 196.

79 3382 179 3436 Anecd.
197 3383 281 3436 Bekk.
299 3385 321 3439 1.
343 3383 387 3452 83,
405 3382 423 3440 2
441 3381 632 3450 α’ναποδίζων,
651 3382 715 3439 οίντί
732 3385 783 3438 τοῦ
799 3383 834 3438 τὰ
849 3383 974 3452 πρότερα
991 3381 1111 3451 ἐρωτῶν.
1146 3385 1216 3436 Pira-

79 3467 138 3502 ror.
175 3483 185 3502 .
205 3449 256 3500 108
274 3451 329 3514 [ed.
342 3454 434 3522 Diod]
455 3452 638 3519 α’ναποδίζειν
656 3453 689 3508 τὸ
707 3451 843 3519 ἐξετάζειν
860 3453 906 3506 καί
926 3451 1027 3513 &corel
1044 3450 1216 3519 συγκρούειν.
1295 3491 1298 3501 .

77 3465 254 3602 :Homdrurds
272 3513 411 3583 a’veoeroir
425 3537 456 3574 re
473 3522 520 3574 καί
539 3519 718 3586 ἀναποδίζων
737 3520 790 3576 edu
812 3519 932 3588 κήρυκα,
961 3520 1005 3573 ubi
1028 3521 1089 3575 vide
1114 3539 1146 3573 ne
1168 3537 1216 3590 pro

82 3584 251 3652 Herodianus·
268 3585 382 3639 sollemni
406 3607 441 3642 ex
461 3591 612 3643 confusione
632 3592 803 3660 reponendum
825 3591 860 3642 sit
876 3586 1038 3655 Ἡρόδοτος,
1061 3606 1216 3658 quamquam

79 3652 148 3736 apud
165 3661 281 3706 nostrum
298 3653 316 3704 l.
336 3654 353 3706 l.
380 3651 537 3723 ἐπειρωτῶν
560 3675 590 3710 rs
616 3657 661 3712 καί
686 3655 867 3722 ἀναποδίζων
889 3657 940 3710 τὸν
958 3655 1217 3726 νήρνκαλοςῐίιια),

77 3726 117 3774 sr'c
133 3727 223 3773 nostro
241 3719 299 3772 loco
317 3715 428 3791 οὐδαμῇ
449 3717 516 3792 ἄλλῃ
537 3721 685 3778 α’νεπόδισε
701 3724 808 3781 ἑωυτόν
831 3726 991 3794 significant,
1011 3743 1060 3777 non
1077 3725 1171 3777 iterum
1188 3741 1217 3776 se

78 3790 161 3858 ipsum
178 3789 363 3856 interrogavit,
381 3791 409 3844 id
427 3798 534 3843 estnon
552 3793 644 3844 iterum
665 3795 698 3846 ad
719 3794 866 3848 memoriam
884 3809 955 3846 suern
978 3793 1128 3858 revocarit,
1146 3791 1217 3860 quod

77 3858 135 3925 ipse
152 3857 219 3909 beno
240 3859 382 3925 cognorit,
400 3873 485 3927 neque
502 3859 584 3911 simile
601 3860 720 3942 quiddam
739 3881 771 3916 eo
787 3869 911 3930 spectans
929 3861 1060 3925 adhibuit,
1084 3861 1104 3916 i„
1119 3879 1146 3915 e.
1162 3875 1217 3912 rru-

79 3924 210 3992 ρεποίησε
227 3926 293 3994 (quo
312 3927 345 3980 de
362 3928 445 3980 verbo
465 3928 585 3980 conterre
603 3930 710 3994 juvabit
732 3931 828 3984 Jacobs
851 3929 1005 3984 vermischte
1028 3929 1159 3988 Schriften
1181 3925 1216 3978 T.

78 3993 112 4045 V.
133 4010 161 4061 p.
179 3991 256 4060 582).
283 3995 337 4048 Sed
355 3995 443 4060 notio,
460 4012 539 4063 quem
557 3995 630 4063 Papa
652 3997 711 4064 (lex.
729 4016 767 4066 gr.
785 4017 806 4054 s.
824 3998 863 4065 r.)
881 3999 1025 4068 nuperrime
1042 3999 1122 4050 verbo
1145 3991 1215 4046 οἰνα-

80 4061 213 4126 ποδίζειν,
232 4068 362 4131 tamqunm
381 4081 414 4116 ex
432 4063 585 4116 Herodote'o
603 4064 660 4116 loco
680 4065 714 4118 ll.
733 4067 784 4120 116
802 4067 969 4120 derivandam
990 4064 1133 4132 supposuit,
1156 4075 1217 4111 sen·

79 4129 186 4179 tentiam
211 4131 335 4196 mutandi,
354 4131 453 4186 irritam
474 4132 606 4196 reddendi,
629 4133 790 4203 ineptissima
809 4135 867 4188 milri
886 4151 944 4186 esse
962 4133 1073 4192 ridetur,
1092 4145 1124 4178 ac
1142 4127 1217 4192 plane

83 4204 182 4276 pugpat
199 4202 228 4248 et
246 4214 303 4252 curn
320 4214 385 4252 vero
403 4201 486 4270 ipsius
503 4202 555 4253 loci
573 4219 658 4265 sensu,
673 4211 701 4254 et
713 4219 768 4255 curn
778 4201 932 4256 testimoniis
941 4201 998 4252 istis
1008 4206 1122 4250 veterum
1132 4209 1217 4258 grum·

83 4273 243 4316 mancorum.

39 4387 40 4394 ζ
147 4333 185 4398 ”l
203 4333 243 4384 De
262 4333 312 4387 hoc
334 4337 408 4390 uocis
428 4336 531 4402 χωρίον
549 4337 697 4406 significatu
711 4337 766 4404 jam
786 4335 931 4404 antiquiore
940 4339 1056 4400 tompore
1072 4326 1149 4382 obvio
1159 4327 1219 4382 vids
1295 4363 1303 4380 .

39 4415 40 4448 r
79 4397 281 4467 Bemhardyad
297 4402 408 4473 Dionys.
428 4405 531 4472 Perieg.
549 4423 573 4474 p.
591 4403 651 4456 859.
982 4463 1004 4526 2
