2984 5042
8 213 14 293 l

3 362 9 530 χ
118 397 122 401 ,

477 335 520 397 De
544 295 665 396 dialecto
680 328 920 400 'Herodotealfln
945 322 968 395 t}
1253 329 1298 407 79

163 497 314 580 geroisae,
332 503 360 563 id
384 515 473 581 genus
494 503 556 580 alia,
579 507 700 582 qutimm
725 505 763 566 de
788 524 854 564 veru
882 501 1074 564 modulatione
1103 507 1176 564 iuter
1201 517 1298 565 omncs

160 594 282 662 constat,
304 598 420 668 accepta
446 589 597 656 referimus.
641 591 790 650 Praeterea
809 589 877 666 qnid
898 589 984 647 Auia
1003 590 1103 662 atique
1122 601 1209 667 prosa
1235 611 1298 650 ora-

162 675 241 743 tioue
263 673 381 732 usiboc
404 675 433 732 iu
459 683 563 750 genere
583 690 636 753 pro
657 681 719 732 rato
740 683 913 753 acceptoque
934 673 1094 746 habuerint,
1117 695 1151 732 cx
1173 675 1297 734 Platonis

163 759 283 838 (Cratyl.
308 757 336 838 p.
360 758 483 836 4191).)
506 759 641 838 scriptura
670 759 812 818 nominum
835 751 1034 840 εὖφερωσιίυιγ
1055 763 1083 814 el
1107 746 1296 840 ειίφροσιίνη,

118 843 124 849 “
162 844 277 920 regulae
299 845 494 902 convenienter
519 845 686 920 alternante,
708 833 776 900 satis
798 842 906 902 ebrcere
919 843 992 900 ‘rubri
1013 843 1131 900 videtur.

248 929 342 1006 Saepe
372 927 476 987 librarii
506 929 659 987 orationem
695 929 900 1005 depravarunt,
934 943 1020 1003 qaum
1058 945 1159 984 sermm
1185 926 1298 1002 alicujus

161 1012 287 1088 syllabae
314 1013 415 1070 diutius
445 1013 556 1070 auribus
586 1009 777 1089 inhaerentem
805 1014 849 1087 ad,
874 1013 999 1070 alienam
1013 1010 1148 1088 syllabam
1174 1017 1299 1070 transtn'-

157 1097 271 1170 lerunt,
300 1103 351 1155 aut
372 1097 484 1154 duobus
511 1097 555 1154 vel
580 1097 764 1174 pluribus'se
790 1097 905 1154 invicem
931 1095 1130 1173 excipientibus
1158 1096 1299 1154 vocabulis

163 1184 282 1240 eandem
307 1182 528 1241 terminationem
557 1181 716 1239 aflixerunt
755 1181 827 1249 Quo
852 1179 998 1239 referenda
1024 1194 1086 1239 esse
1114 1181 1226 1239 ridetur
1253 1182 1299 1240 itu

155 1265 219 1341 'jam
241 1267 397 1326 inveterata
422 1267 576 1342 scripturae
598 1266 761 1341 depravatio
789 1265 810 1323 1.
832 1269 868 1324 92
895 1265 928 1328 ἔν
950 1267 1134 1346 Βραγχίδῃσι
1152 1269 1299 1349 spinellis·-

162 1351 291 1427 λησίοιν,
311 1349 390 1422 cujus
404 1349 461 1424 jam
485 1349 608 1406 Philemo
631 1351 826 1424 grammaticus
844 1351 921 1428 apud
932 1349 1068 1428 Porphyr.
1082 1350 1198 1418 Quaest.
1211 1349 1297 1410 Hom.

154 1435 184 1511 1.
200 1435 218 1490 l.
242 1431 379 1504 meminit3
400 1436 498 1509 neque
515 1450 580 1490 vero
600 1433 627 1502 ¹ei
649 1434 738 1492 fraudi
760 1453 822 1492 esse
837 1435 978 1493 ‹lebebant
994 1435 1164 1493 librariorum
1179 1455 1298 1513 errores,

166 1535 253 1593 quum
280 1515 356 1575 nulla
379 1515 456 1592 justa
478 1518 568 1574 subsit
586 1535 680 1590 mursa,
706 1537 798 1594 neque
820 1519 876 1578 ulla
901 1519 1001 1577 idonea
1025 1521 1094 1576 ratio
1121 1519 1201 1578 reddi
1229 1531 1297 1598 port·-

162 1601 211 1674 sit,
234 1621 283 1660 cur
305 1596 478 1674 Herodotus,
500 1602 552 1658 nisi
578 1601 705 1660 consulto
730 1623 748 1662 a
769 1605 908 1662 communi
930 1605 1131 1662 cousuetudine
1157 1623 1219 1662 eum
1252 1623 1297 1663 re·

162 1685 280 1744 cessisse
299 1685 386 1757 dicas,
401 1685 470 1744 illud
495 1705 596 1744 nornen
619 1689 840 1764 patronymicum
862 1689 1010 1746 foeminino
1028 1707 1131 1764 genere
1147 1704 1298 1766 usurpasse

159 1767 305 1850 putandus
327 1772 372 1829 sit.
415 1769 518 1846 Neque
539 1773 623 1829 etiarn
647 1793 710 1830 curu
731 1771 872 1830 Lobeclrio
902 1773 959 1852 (ad
981 1773 1087 1830 Buttm.
1121 1789 1162 1848 gr.
1189 1794 1232 1848 gr.
1259 1771 1297 1849 ll,

163 1861 191 1933 p'.
213 1853 279 1930 436)
303 1855 370 1936 illud
395 1873 457 1912 cum
479 1855 582 1913 talibus
607 1857 732 1914 locorum
753 1858 921 1930 nominibus,
943 1857 1035 1933 qualia
1060 1861 1128 1915 sunt
1150 1852 1296 1936 Ἀγιάδαι,

161 1937 329 2010 Αίνειοίδαι,
350 1941 527 2020 Βαταχίόαι,
556 1935 768 2021 Πατριαγοίελοι
791 1941 839 2018 (σί.
862 1942 959 2022 steph.
984 1943 1052 2018 Byz.
1073 1961 1097 1999 s.
1119 1961 1145 1998 v.
1165 1947 1297 2022 Πατρια·

128 2057 132 2067 .
163 2018 264 2103 γείιλαι,
288 2020 432 2103 Περσικὰς
453 2018 556 2100 τόπος,
580 2026 612 2085 oi
639 2022 796 2106 οἰκήτορες
822 2023 937 2102 ὁμοίως
964 2016 1205 2108 Πατριαγιῖδαι),
1226 2035 1296 2085 couL

163 2107 260 2186 leram,
282 2111 334 2166 sed
351 2111 422 2166 curn'
439 2110 551 2167 Reislrio
574 2119 601 2168 et
624 2109 753 2184 Bclrlrero
774 2115 802 2168 et
824 2111 880 2168 isto
901 2111 928 2170 iu
948 2111 1010 2168 loco
1031 2117 1108 2172 τοῖσι
1130 2114 1296 2188 Μιλησίων

163 2193 245 2252 scribi
271 2195 364 2270 veliin,
387 2199 417 2250 et
438 2189 544 2254 11159
571 2212 633 2251 cum
654 2197 717 2253 cod.
739 2196 769 2252 S.
794 2195 824 2268 ἐς
845 2197 1012 2278 Βραγχίδας
1036 2192 1109 2269 τούς
1131 2200 1296 2274 Μιλησίων

161 2295 215 2356 pro
236 2277 352 2354 arrigato
379 2272 433 2347 τοίς
464 2278 641 2354 Μιλησίους
673 2285 704 2335 ut
736 2299 832 2337 omnes
854 2281 923 2338 ‘sine
954 2281 1009 2338 ulla
1030 2281 1163 2338 caumate
1190 2280 1212 2340 1.
1245 2285 1296 2340 158

162 2359 338 2442 πέμψαντες
357 2359 387 2430 λς
408 2355 479 2430 τούς
506 2360 674 2438 Βραγχίδας
702 2362 897 2436 praebuerunt.
947 2361 1015 2419 Aliis
1040 2365 1067 2420 in
1094 2365 1161 2420 locis
1187 2365 1221 2442 (l.
1252 2369 1295 2424 46.

161 2453 223 2504 155.
257 2444 293 2500 V.
315 2443 370 2518 36)
396 2461 453 2499 non
482 2443 748 2499 additurarticulus
766 2445 816 2499 aut
841 2445 1008 2516 adjectivum
1026 2447 1234 2522 participiumve
1255 2439 1298 2504 nl-

162 2529 233 2601 lum,
255 2527 334 2600 cujrm
355 2544 388 2582 ex
413 2526 609 2585 terminatione
628 2539 716 2602 genus
729 2525 907 2583 'substantivi
931 2534 1085 2604 appareat3
1118 2530 1195 2602 qrrod
1223 2530 1298 2588 valet

162 2614 250 2672 etiam
273 2613 319 2695 de*
331 2609 390 2667 aliis
413 2610 504 2668 inultis
531 2611 715 2692 posteriorum
741 2611 906 2688 scriptorum
938 2611 1020 2683 locis,
1051 2611 1098 2667 ubi
1128 2611 1298 2691 Branchida-
1395 2663 1399 2670 .

161 2696 351 2766 rurn'mentio
373 2701 417 2752 est
443 2694 560 2770 injecta,
582 2695 671 2753 trude
700 2695 799 2752 merito
821 2695 958 2754 'dubitare'
981 2694 1088 2773 possis,
1107 2715 1191 2754 anne
1220 2701 1297 2776 apud

100 2773 106 2783 “
162 2781 216 2839 lios
238 2779 407 2859 posteriores
429 2793 531 2838 nomeu
553 2777 716 2858 Βραγχίδαι
736 2785 789 2858 ρτο
813 2777 863 2838 1ουί
885 2780 997 2838 nomine
1021 2781 1159 2838 interdum
1190 2781 1297 2856 liaben-

162 2865 231 2922 rlurn
255 2859 308 2936 sit}
332 2863 368 2921 cl.
391 2862 471 2920 Paus.
494 2861 531 2940 V,
546 2885 575 2942 p.
598 2867 650 2922 299
676 2863 797 2942 (Sylb.):
822 2860 899 2924 κακοί
923 2865 1090 2946 Βραγχίδας
1117 2862 1193 2942 πρίς
1215 2867 1296 2946 λιμέ-

162 2971 192 3011 νι
203 2943 412 3030 ίνομαζομίνῳ
428 2939 691 3029 Fundana-'vu
705 2969 731 3026 p.
744 2953 810 3007 405:
822 2941 889 3009 τότε
900 2947 933 3010 ἐν
944 2951 1184 3031 Βραγχίῦαιςτιῖς
1197 2955 1296 3032 Malu·
1319 3007 1320 3010 ,
1425 2977 1430 2996 ¹

161 3035 236 3106 σίας.
280 3034 338 3092 Sed
365 3051 438 3107 qnae
461 3031 487 3089 in
510 3033 636 3092 Cononis
661 3033 818 3092 narratione
839 3033 960 3091 xxxia
978 3035 1035 3114 (p.
1055 3039 1110 3094 274
1130 3033 1186 3094 Th.
1210 3035 1295 3118 Gale)

160 3119 307 3195 leguntur:
336 3114 408 3179 att
427 3113 562 3198 Βροίγχος
585 3115 615 3190 ἒξ
646 3111 836 3190 ’Λπόλλωνος
862 3117 1007 3192 ἐπίπνους
1030 3118 1188 3196 ’μαντικῆς
1208 3136 1296 3221 γεγοῇ

142 3201 223 3275 ‘vole
245 3203 277 3265 ἐν
299 3197 447 3280 Διδύμοις
466 3205 510 3283 τῷ
526 3203 625 3284 χωρίῳ
651 3201 729 3282 ἔχρα,
756 3200 808 3263 καλ
830 3201 915 3284 μέχρι
936 3205 992 3262 τοῦ
1021 3207 1080 3264 νῦν
1106 3213 1309 3296 χρηστηρίωνἱ

158 3282 361 3366 Titaniacis,
382 3277 432 3346 'aiv
455 3285 555 3362 λομεν,
585 3281 660 3363 μεταλ
688 3283 827 3362 Δελφούς
861 3282 1018 3366 κράτιστον
1046 3285 1234 3370 ὁμολογεῖται
1260 3289 1296 3354 sd

160 3375 225 3432 ’τοῖν
249 3371 434 3449 Βραγχίδωυ,
461 3371 530 3428 baec
548 3371 671 3430 'sormam
695 3371 727 3433 oi
741 3371 902 3451 Βρυγγίὸαι
928 3371 1079 3429 masculino
1109 3392 1213 3447 genere
1240 3395 1294 3454 po-

159 3455 574 3526 sitamindubitata‘mreddunt3
586 3456 621 3516 ct.
629 3457 711 3515 etiam
726 3458 914 3514 narrationem
922 3453 1015 3513 XLIV
1027 3453 1068 3535 (p.
1076 3458 1151 3532 290.)
1163 3465 1192 3516 et
1202 3461 1295 3520 Strab.

161 3537 241 3614 XIV,
265 3545 288 3598 l.
311 3547 364 3586 -'
381 3539 429 3622 bc.
448 3539 642 3618 monuit·ipse
662 3539 813 3616 Philemo,
843 3535 898 3612 τοίς
931 3542 1097 3618 Βραγχίδας
1124 3541 1295 3604 Graecorum

160 3623 243 3682 facilc
262 3625 402 3682 'nerninem
425 3623 536 3693 dixisse,
554 3643 645 3700 neque
662 3621 850 3681 Alexandrum
860 3625 1081 3701 Ιμεειιιτιυολίοοιο
1105 3626 1294 3705 Cotyaensem

159 3699 307 3785 religatum
331 3705 399 3789 τῇσι
419 3707 440 3765 l.
468 3711 505 3766 92
522 3721 575 3786 pro
597 3708 718 3791 genuino
749 3706 973 3780 babuisse,··seu
1006 3713 1059 3790 τῆς
1087 3711 1156 3790 (scil.
1185 3710 1295 3795 χώρης,

160 3795 232 3874 γῆς)
255 3791 336 3851 scribi
358 3791 493 3863 r‘olnis'se3
513 3811 581 3848 ¹sese
609 3798 704 3848 amem
730 3791 821 3868 ipsum
849 3793 1024 3868 invulgata
1049 3795 1295 3882 foeminino-‘spot

100 3943 104 3948 ,
160 3879 368 3956 persistendum
391 3896 453 3936 esse
478 3876 657 3947 existimasse,
679 3893 765 3950 quum
785 3876 878 3934 Jones
899 3877 980 3936 etiam
1002 3879 1056 3938 alia
1078 3884 1201 3958 nomina,
1226 3883 1295 3939 allas

158 3963 313 4022 murrina
337 3967 608 4037 nenne·‹u·mpata,
625 3955 783 4018 'foeminino
811 3981 914 4038 genere
936 3963 1027 4022 deae
1054 3964 1185 4045 sokreut.
1200 3965 1296 4031 ''Qua

159 4048 197 4106 de
220 4047 311 4106 fallaci
332 4048 441 4104 ratione
461 4045 520 4120 jam
544 4061 630 4121 supra
655 4043 780 4102 diximus.
874 4038 882 4048 ’
907 4059 909 4064 ’
1183 4079 1185 4084 ,
1284 4089 1289 4102 .

247 4130 379 4190 Similiter
399 4137 545 4209 poscentum
567 4133 619 4200 est,
646 4145 731 4204 quum
753 4127 774 4185 Ι.
802 4133 853 4190 192
874 4149 949 4188 nunc
966 4130 1052 4204 uulgo
1073 4123 1294 4204 eumoccidit.

161 4211 195 4276 Ρ.
216 4214 254 4276 Κ.
277 4215 310 4277 F.
337 4215 370 4274 R.
393 4234 418 4273 a.
452 4234 475 4274 c.
505 4213 608 4290 legitur
640 4213 786 4292 μεδίμνου
813 4207 952 4290 Ἀττικῆς
978 4207 1164 4291 (afnimada
1179 4207 1295 4296 χιορεέἰ

161 4301 311 4378 μεδίμνου
328 4292 465 4378 Ἀττικῆς
480 4299 587 4361 -ιτλίον
613 4298 721 4373 χοίνιξι
734 4355 738 4364 .
751 4297 828 4378 τρισί
858 4293 1021 4374 Ἀττικῇσι)
1045 4315 1097 4374 pro
1128 4297 1194 4358 olim
1222 4301 1299 4364 reete¹

157 4403 222 4443 cum
241 4384 434 4444 undussa.
453 4383 479 4440 u.
502 4383 533 4440 d.
558 4381 680 4459 rtrlgstn·
701 4375 1018 4456 'Ascu'mfipnsmllll
1043 4385 1207 4444 lbi-omncs
1220 4397 1298 4452 recte
