3016 5026
232 343 294 408 120
544 346 589 406 De
611 346 732 406 dialecto
752 345 918 406 Herodotea
938 346 988 409 lib.
1008 347 1045 406 ll.

314 513 438 574 Restant
456 517 549 574 autern
569 513 695 570 nonnulli
716 511 771 570 1οοί
792 512 840 571 ubi
860 517 958 585 κεῖνος
976 512 1085 572 nostris
1105 512 1135 570 in
1155 512 1364 592 exnplarihus

230 599 381 672 retinetur,
403 615 496 674 neque
515 597 574 654 ulla
594 597 717 654 varietas
736 617 753 655 e
773 597 859 655 codd.
875 596 947 656 Mas.
968 597 1107 655 adnotata
1126 601 1173 655 est
1192 595 1218 659 I.
1239 605 1282 658 11.
1300 607 1362 660 120

232 691 293 744 122.
313 686 374 742 207.
402 680 454 739 111.
477 685 519 740 74.
540 686 592 740 140
614 675 665 758 (orl
685 686 784 754 κεῖνος
809 676 863 757 el).
890 681 939 737 IV.
960 685 986 738 9.
1020 680 1055 736 V.
1077 678 1195 754 130101
1217 682 1247 756 ri
1267 689 1363 748 κεῖνοι

231 765 385 835 ἒθέ1οντες
403 766 448 832 sic
469 784 544 822 nunc
569 784 632 824 urm
654 767 738 826 codd.
757 765 797 822 111.
815 766 848 825 P.
871 765 904 826 V.
925 765 963 824 Κ.
989 765 1021 822 S.
1042 763 1078 826 F.
1100 763 1192 824 Paris.
1235 765 1315 826 Olim
1334 769 1364 830 el

162 925 167 930 ἡ
231 845 270 928 nd
293 847 409 924 κεῖνοι).
451 847 485 904 V.
506 853 542 907 23
568 847 671 926 μηκέτι
697 855 807 918 κεῖνος.
840 853 875 908 82
898 842 935 926 δὴ
959 848 1071 920 κείνας.
1101 851 1145 908 87.
1182 847 1230 912 Vl.
1252 855 1295 913 13.
1327 856 1362 910 69

230 925 392 1009 (τοιούτων
414 929 538 1008 κεῖνος).
572 933 634 991 Vll.
652 939 697 1007 50,
719 939 736 992 2
759 924 964 1011 (ὁμοιεύμενοι
984 929 1137 1008 κείνοισι).
1166 938 1219 992 103
1241 934 1281 1010 (sl
1304 930 1362 1016 poip

230 1016 365 1091 aeirus).
387 1016 736 1094 136(Λοκεὸοιμονίοισι
753 1017 884 1092 κείνους,
906 1017 945 1077 ct.
956 1022 986 1074 et
996 1016 1077 1074 Eust.
1099 1016 1135 1072 ad
1155 1015 1363 1091 ll.110,au:

229 1105 276 1178 83,
287 1097 348 1178 21).
359 1098 434 1157 Vlll.
446 1105 488 1158 58.
501 1105 545 1158 til.
557 1101 605 1159 1Χ.
618 1107 663 1160 52.
674 1106 709 1158 53
720 1097 776 1174 (irs
786 1101 914 1178 κείνου).
929 1091 1171 1176 901ἆξιοο01χους
1182 1100 1335 1179 κείνοισι).

315 1185 409 1253 Quum
429 1183 516 1258 igitur
537 1184 676 1260 integram
699 1184 820 1242 formam
846 1183 961 1256 ἐκεῖνος
983 1184 1022 1240 ita
1045 1183 1236 1260 praevaluisse
1256 1185 1364 1244 videri-

229 1289 311 1342 mus,
338 1273 370 1324 ut
391 1267 452 1344 ejus
473 1267 652 1326 multitudine
673 1267 756 1325 facile
780 1269 924 1326 contraria
946 1267 1074 1345 exempla
1103 1265 1276 1342 obruantur,
1304 1287 1363 1328 non

229 1352 322 1412 solum
346 1351 381 1408 iis
405 1350 434 1406 in
456 1349 542 1422 locis,
573 1352 622 1409 ubi
647 1351 758 1410 variant
780 1351 860 1428 libri,
889 1371 1010 1428 quorum
1036 1350 1152 1426 quidem
1177 1350 1306 1428 plerique
1332 1354 1361 1410 in

229 1437 322 1494 forma
342 1432 455 1506 ἐκεῖνος
488 1435 641 1493 scribenda
666 1437 865 1510 consentiunt,
898 1435 951 1494 sed
972 1436 1056 1494 etiarn
1077 1435 1108 1492 in
1130 1434 1181 1508 iis,
1209 1437 1256 1494 ubi
1285 1435 1363 1496 nulla

228 1521 352 1578 varietas
369 1518 522 1577 adnotatur
545 1525 575 1578 et
592 1519 685 1577 adhuc
705 1526 804 1592 κεῖνος
824 1521 961 1598 scriptum
985 1523 1094 1592 exstat,
1115 1515 1208 1574 solum
1227 1517 1363 1577 Herodn·
1383 1540 1411 1556 ··

229 1611 304 1664 teum
323 1602 438 1674 ἐκεῖνος
452 1604 647 1680 reponendum
663 1622 729 1662 esse
744 1623 859 1662 censeo.
902 1604 1005 1679 Neque
1026 1602 1100 1662 enim
1121 1598 1278 1660 audiendos
1297 1621 1363 1661 esse

227 1686 429 1766 grammaticos
450 1685 502 1762 (cf.
518 1687 606 1764 Greg.
622 1687 690 1746 Cor.
705 1687 725 1746 l.
739 1706 827 1766 supra
839 1685 926 1762 laud,
942 1693 971 1745 et
984 1686 1020 1746 de
1033 1683 1195 1744 Aristarcho
1210 1684 1361 1744 Thiersch.

227 1792 272 1849 gr.
300 1791 345 1846 gr.
367 1789 397 1846 p.
417 1775 470 1830 263
492 1772 538 1831 ed.
562 1770 661 1848 tert),
687 1777 786 1844 κεῖνος
810 1771 936 1830 lonicum
959 1789 1023 1829 esse
1049 1771 1088 1826 ita
1112 1767 1186 1826 nude
1210 1768 1369 1844 docentes,

227 1875 291 1914 meo
311 1853 378 1912 mihi
396 1854 609 1930 jure'statuere
630 1856 741 1922 ¹videor.
783 1855 817 1913 In
832 1855 949 1914 Homeri
969 1854 1085 1930 quidem
1107 1853 1295 1928 carminibus,
1326 1871 1363 1912 ex

227 1939 330 2016 quibus
348 1937 417 1996 illud
433 1945 619 2017 praeceptum
637 1938 714 1998 haud
736 1938 822 1998 dubie
840 1944 884 1997 est
907 1940 1015 2013 datum,
1037 1936 1119 1996 metri
1138 1955 1223 1994 causa
1236 1937 1363 2015 plerum-

226 2041 282 2100 que
304 2021 416 2080 brevior
433 2023 515 2098 hujus
537 2024 714 2099 pronominis
730 2025 821 2081 forma
836 2022 995 2096 exhibetur,
1015 2019 1135 2080 scenicis
1155 2038 1270 2097 quoque
1291 2039 1363 2098 poe-

226 2107 265 2164 tis
288 2105 407 2173 usitata;
430 2111 461 2162 01
481 2105 566 2182 plane
580 2106 723 2182 poeticam
742 2105 818 2162 illam
832 2123 961 2180 vocares,
983 2105 1036 2162 nisi
1057 2104 1144 2161 docta
1164 2104 1364 2163 nonnullorum

226 2186 439 2266 philologorum
459 2187 610 2264 disciplina
632 2188 760 2254 incertis
779 2187 950 2264 quibusdam
964 2189 1122 2247 Atticorum
1136 2189 1305 2265 scriptorum
1320 2187 1364 2245 lo-

227 2272 267 2330 eis
289 2288 352 2328 eam
373 2271 552 2345 retinuisset,
575 2289 746 2350 quamquam
769 2290 867 2331 eorum
886 2291 1020 2330 numerus
1042 2271 1152 2329 indies
1172 2274 1283 2349 magis,
1302 2278 1364 2330 arte

227 2356 326 2414 critica
350 2351 493 2426 adhibita,
523 2355 704 2417 imminuitur.
755 2355 998 2416 Praecedentibus
1021 2355 1097 2412 enim
1123 2354 1363 2434 monophthongis

227 2444 257 2498 et
271 2436 457 2516 diphthongis
472 2437 523 2516 (cl.
538 2439 615 2510 Lob.
631 2437 678 2515 lj.
692 2459 736 2499 vs.
750 2446 794 2502 24.
818 2439 921 2517 Phryn.
937 2461 966 2518 p.
982 2437 1068 2516 leq.)
1089 2437 1143 2506 vel,
1159 2443 1191 2497 ut
1205 2440 1251 2497 alii
1267 2439 1365 2497 volunt

226 2523 278 2599 (cf.
299 2521 405 2581 Matth.
437 2543 480 2599 gr.
509 2544 554 2600 gr.
575 2524 607 2598 1,
628 2543 658 2601 p.
678 2530 722 2588 65.
760 2524 927 2584 Schneider.
949 2525 987 2582 ad
1006 2523 1079 2580 Plat.
1099 2522 1251 2600 Rempuhl.
1273 2521 1313 2596 ll,
1334 2543 1364 2600 p.

226 2611 279 2668 310
302 2606 350 2682 Α.)
369 2605 391 2687 ἦ
408 2610 619 2685 praecedente,
642 2608 710 2666 illud
730 2607 836 2666 initiale
853 2609 875 2668 ἶ
891 2607 1087 2684 expellendum
1104 2625 1167 2663 esse
1183 2613 1364 2666 censuerunt.

226 2693 285 2752 Sed
307 2694 427 2766 nequis
449 2692 515 2749 mihi
538 2691 671 2764 objiciat,
694 2692 812 2748 eandem
834 2707 962 2746 normam
984 2689 1068 2746 etiarn
1091 2689 1168 2762 apud
1181 2690 1364 2750 Herodotum

227 2774 321 2832 valere
344 2792 449 2849 posse,
471 2773 697 2848 servandamque
714 2791 778 2830 esse
792 2772 951 2828 breviorem
973 2769 1092 2838 formam
1107 2770 1148 2834 ¹iis
1172 2775 1298 2831 certain
1318 2773 1365 2830 lo·

227 2857 279 2928 cis,
302 2853 350 2910 ubi
372 2853 436 2910 libri
453 2871 572 2929 prorsus
592 2873 651 2910 nou
665 2859 835 2932 repugnent,
857 2872 972 2927 moneo,
992 2851 1120 2930 plurimis
1134 2853 1164 2910 iu
1178 2853 1248 2912 locis
1264 2873 1364 2914 ornnes

225 2937 315 3000 libros
333 2936 360 2991 in
384 2937 504 2993 formam
521 2935 653 3010 ἐκεῖνος,
672 2955 842 3012 quamquam
862 2935 1102 3014 praecedentibus
1122 2938 1365 3016 monophthougis

226 3025 256 3078 et
277 3017 479 3096 diphthongis,
501 3020 679 3088 consentire3
701 3040 796 3096 neque
817 3022 892 3097 apud
913 3021 1024 3078 Atticos
1045 3019 1162 3095 quidem
1184 3021 1257 3081 hane
1278 3017 1365 3097 regu-

226 3104 281 3162 lam
310 3119 364 3158 nos
394 3101 470 3160 omui
503 3119 536 3159 ex
564 3108 647 3178 parte
669 3121 787 3162 securos
811 3103 949 3180 reddere,
977 3123 1014 3163 ne
1036 3122 1107 3178 quas
1129 3105 1240 3164 litteras
1262 3105 1364 3182 vulgus

227 3185 312 3244 celeri
333 3184 361 3240 in
383 3185 616 3261 pronuntiatione
635 3185 829 3262 negligentius
847 3189 1000 3247 obscurare
1021 3188 1150 3263 solebat,
1173 3190 1289 3249 caedem
1310 3191 1365 3248 mi-

227 3286 281 3327 nus
302 3273 378 3326 recte
400 3267 581 3344 politioribus
602 3270 716 3345 quidem
733 3271 762 3329 in
783 3272 897 3350 scriptis
919 3263 1044 3330 omissae
1067 3273 1132 3335 sint.

311 3351 369 3416 Sed
392 3351 558 3426 abjecerunt
587 3353 674 3412 Iones
697 3354 836 3414 initialem
861 3355 984 3416 litteram
1014 3358 1076 3420 e’in
1100 3358 1217 3417 vocibus
1239 3351 1364 3437 (100101

228 3429 359 3516 ὄρτᾶζω,
386 3454 495 3495 summa
514 3456 578 3495 cum
600 3439 764 3497 constantia
784 3439 959 3499 Herodoteis
980 3443 1009 3500 iu
1031 3441 1110 3498 libris
1132 3444 1174 3500 sic
1193 3441 1363 3500 scribendis.

226 3519 302 3578 Sunt
323 3520 459 3596 quidem,
480 3521 529 3596 qui
550 3521 682 3598 tradant,
709 3542 768 3581 non
787 3524 967 3602 simpliciter,
990 3524 1089 3584 initiali
1107 3525 1186 3586 {his
1210 3527 1237 3583 in
1261 3525 1364 3584 louicis

226 3603 328 3662 formis
356 3603 487 3680 abjecta,
509 3603 548 3667 'o'
573 3625 639 3664 esse
665 3605 808 3683 relictam,
839 3610 908 3682 sed,
939 3629 1024 3687 quum
1053 3609 1183 3685 analogia
1212 3608 1363 3668 verborum

158 3741 162 3752 .
215 3681 312 3767 ’1ρός,
335 3681 402 3748 olna
426 3687 633 3767 similiumque,
662 3690 711 3748 ubi
741 3692 814 3750 duae
836 3693 957 3756 initiales
979 3693 1092 3752 vocales
1114 3694 1258 3752 1οο1οοὶ0
1279 3709 1363 3750 unam

226 3769 449 3845 contrahantur,
471 3771 643 3849 postuletur,
664 3780 696 3833 ut
717 3775 803 3834 etiam
825 3777 855 3832 in
876 3775 930 3834 illis
949 3796 1008 3835 non
1027 3779 1064 3834 de
1085 3776 1232 3854 aphaeresi
1253 3776 1304 3834 sed
1326 3778 1364 3836 de

227 3855 423 3914 contractione
445 3859 567 3932 quadam
589 3859 772 3936 cogitandum
793 3859 847 3934 sit,
874 3860 946 3920 istas
977 3861 1100 3920 initiales
1122 3862 1237 3919 vocales
1266 3859 1301 3923 ἷο
1324 3860 1365 3918 ita

228 3943 391 4000 contractas
412 3958 492 4014 esse,
516 3945 547 3999 ut
568 3941 652 4004 Iones
673 3943 770 4004 statim
792 3941 865 4001 hunc
889 3964 974 4004 unum
997 3963 1032 4002 ex
1053 3945 1251 4003 contractione
1271 3949 1365 4004 ortum

228 4041 330 4090 sonum
355 4029 422 4084 ante
447 4023 583 4106 liquidam
609 4024 786 4103 {positum
813 4029 998 4108 corriperent.
1042 4028 1124 4096 Quae
1152 4029 1267 4104 quidem
1295 4047 1365 4088 sen·

225 4107 319 4164 tentia
344 4107 502 4184 speciosior
524 4125 608 4183 quam
634 4109 728 4167 verior
751 4109 817 4167 mihi
835 4129 903 4171 esse
924 4112 1045 4172 videtur.
1089 4111 1267 4189 Quamquam
1290 4112 1364 4170 enirn

226 4187 305 4248 haud
325 4197 477 4258 rarasunt
499 4189 673 4254 Herodoteis
696 4193 724 4248 in
746 4192 824 4250 libris
847 4214 882 4254 ea
903 4194 1047 4271 exempla,
1077 4194 1122 4251 ubi
1145 4195 1314 4271 diphthongi
1334 4195 1364 4252 in
1379 4217 1406 4242 ι’

226 4269 371 4347 simplices
394 4271 510 4331 vocales
532 4279 702 4349 tenuentur,
728 4275 849 4336 maxime
871 4285 938 4337 aute
958 4276 1087 4334 vocalem
1116 4283 1146 4334 et
1166 4277 1238 4336 tales
1261 4298 1365 4337 conso·

227 4357 346 4427 nantes,
368 4372 443 4429 quae
463 4357 651 4433 positionem,
673 4377 757 4444 quam
776 4367 897 4437 vocant,
916 4359 1059 4436 efficiunt,
1080 4379 1175 4436 neque
1195 4367 1289 4422 tamen
1311 4362 1365 4422 hae
1449 4353 1452 4358 ¹
