3016 5026
482 336 527 397 De
546 337 670 400 61616616
689 338 854 400 Herodotea
874 339 923 404 lib.
946 338 984 398 11.
1237 331 1299 400 105

165 506 232 564 dem
254 504 349 584 paullo
373 525 461 584 supra
479 499 602 568 τοιοῦτό
624 528 653 566 τι
666 499 803 585 ἐπρήχθη
825 504 918 564 Bekk.
939 497 1057 566 τούτων
1077 525 1106 566 ss
1127 505 1159 566 S.
1177 504 1212 566 V.
1234 527 1298 568 sor-

167 583 260 652 αὐτόν
280 613 309 651 τι
330 589 396 648 Gsi.
415 590 451 648 al.
474 619 517 634 --
538 589 586 649 VI.
606 594 641 648 68
662 594 785 652 τοιοῦτο
805 588 883 664 vulg.
901 593 1042 650 sosoriano
1064 590 1096 650 S.
1115 621 1157 633 -
1177 587 1240 652 Vll.
1262 595 1299 650 23

166 677 290 736 τοιοῦτο
310 693 385 734 nunc
407 675 512 750 vulget.
534 693 597 732 eum
619 674 685 732 eod.
706 675 742 732 F.
763 673 821 730 Alii
842 690 906 730 cum
927 673 958 732 S.
979 676 1130 734 τοιοῦτον.
1162 707 1204 718 --
1236 679 1297 736 118.

165 762 286 818 τοιοῦτο
308 758 386 834 vulg.
412 762 553 820 τοιοῦτον
574 759 606 816 8.
627 789 670 800 --
691 763 744 816 236
765 750 885 820 romairo
906 753 984 829 vulg.
1004 760 1145 818 τοιοῦτον
1166 758 1210 831 8.,
1228 758 1297 816 item

164 840 242 903 VllI.
261 847 306 904 88.
330 847 391 901 len.
411 842 462 901 IX.
474 845 519 902 47.
534 847 578 901 48.
622 840 682 898 Sed
705 841 755 900 IV.
777 845 812 900 99
832 859 907 898 nnnc
927 837 1014 913 vulgo
1032 839 1136 914 legitor
1158 844 1298 902 τοιοῦτον

165 921 187 1001 ἡ
208 919 355 1005 Ταυρική,
376 945 469 1002 neque
490 926 572 984 aliter
593 925 761 1003 praebuisse
781 926 914 982 dicuntur
935 924 1021 985 codd.
1039 923 1071 980 S.
1089 923 1123 985 V.
1145 923 1185 987 Μ.
1206 923 1239 982 Ρ.
1259 924 1298 988 Κ.

164 1009 200 1068 F.
215 1008 321 1083 Paris,
342 1016 456 1068 veteres
478 1016 574 1068 sotem
596 1009 738 1068 editiones
758 1013 849 1083 recte,
870 1013 901 1067 ut
916 1014 997 1084 pnto,
1018 1010 1138 1068 τοιοῦτο
1153 1007 1297 1066 exhibent.

164 1093 253 1161 Quod
275 1095 352 1151 enim
372 1097 493 1154 τοιοῦτο
514 1093 619 1151 vocalis
640 1093 661 1170 ἦ
683 1099 729 1152 est
751 1097 863 1165 secute,
886 1092 916 1148 id
938 1109 1032 1166 neque
1052 1091 1100 1148 hie
1120 1110 1213 1166 neque
1232 1091 1299 1149 alibi

165 1177 304 1234 similibus
324 1179 354 1234 in
374 1177 444 1234 locis
462 1183 635 1253 quemqnam
654 1177 802 1253 impellere
822 1176 920 1251 debet,
940 1180 973 1232 ut
992 1174 1076 1234 finale
1095 1175 1117 1237 ν’
1135 1175 1299 1234 addendum

164 1279 231 1318 esse
249 1261 400 1321 existimet.
442 1260 643 1318 Verumtamen
670 1261 780 1336 aliquot
803 1261 833 1318 16
854 1259 925 1318 loeis
946 1257 996 1334 (ΙΙ.
1019 1264 1063 1319 46.
1089 1265 1150 1320 160.
1178 1258 1229 1318 ΠΙ.
1251 1262 1296 1318 27.

166 1347 210 1404 77.
232 1349 278 1406 85.
299 1343 335 1404 V.
358 1348 409 1402 106
429 1341 603 1418 (τοιοῦτον,
624 1338 715 1422 olov).
743 1343 790 1402 VI.
813 1349 839 1404 3.
866 1342 928 1405 Vll.
946 1342 1013 1413 103)
1033 1344 1126 1400 nostri
1144 1344 1212 1402 editi
1234 1341 1298 1401 libri

164 1445 266 1485 omues
288 1428 431 1488 τοιοῦτον
451 1428 603 1502 erbibent,
624 1447 718 1505 neque
734 1428 891 1504 quidquam
910 1427 1056 1485 varietatis
1077 1445 1094 1483 e
1115 1428 1198 1488 codd.
1225 1427 1297 1490 Mss.

165 1515 214 1567 est
239 1510 417 1568 adnotatum.
460 1512 520 1569 Sed
550 1529 636 1587 quum
662 1519 694 1570 ut
715 1503 825 1572 ταύτὸν
852 1512 893 1570 sie
915 1515 1123 1584 atteteritur,
1151 1514 1298 1574 τοσοῦτον

164 1592 279 1650 Atticae
301 1595 498 1652 consuetudini
520 1597 734 1654 convenientius
755 1615 820 1655 esse
841 1614 916 1653 nunc
937 1595 998 1652 sere
1021 1601 1135 1654 eonstet
1154 1595 1205 1672 (ef.
1220 1593 1296 1656 Lob.

162 1676 208 1752 Aj.
232 1676 251 1733 l.
274 1677 293 1740 l.
336 1675 391 1735 Alii
415 1680 620 1756 utrumque-in
641 1681 799 1738 Atticorum
827 1678 942 1755 seriptis
964 1679 1115 1738 ferendum
1135 1697 1201 1738 esse
1218 1679 1297 1754 judi-

163 1766 284 1836 carunt,
318 1761 385 1820 vide
413 1760 508 1840 Popp.
538 1763 671 1840 Thucyd.
698 1763 724 1838 1,
745 1783 775 1841 p.
798 1769 860 1822 225.
893 1761 998 1824 Thom.
1027 1762 1105 1838 Mag.
1133 1782 1161 1840 p.
1183 1768 1245 1837 368,
1268 1768 1296 1824 6.

160 1843 257 1903 maist.
277 1843 391 1922 (Stura)
407 1866 437 1923 p.
458 1850 493 1905 49
511 1847 572 1924 sq.)
594 1854 625 1905 et
644 1843 758 1921 emoto,
786 1845 865 1904 libris
886 1852 916 1904 et
938 1848 1137 1924 manuscriptis
1161 1853 1192 1904 et
1212 1847 1297 1904 editis

161 1933 274 1986 tantum
288 1947 347 1986 uon
362 1929 467 2006 ubique
482 1932 738 2005 consentientibus,
760 1931 836 2008 epod
847 1930 1024 1992 Herodotum
1041 1935 1206 1989 constanter
1224 1930 1297 1990 sori-

161 2009 287 2069 bendum
309 2031 374 2070 esse
395 2015 482 2072 modo
510 2016 685 2091 viderimus,
714 2033 810 2073 nonne
836 2011 1018 2072 manifestum
1040 2020 1103 2089 est,
1130 2015 1216 2073 etiam
1235 2036 1296 2076 τοι·

163 2098 236 2156 niso
262 2102 292 2152 et
313 2100 441 2158 rosoriro
460 2097 644 2157 Herodoteas
671 2100 760 2156 foisse
785 2099 892 2156 formas
914 2097 1020 2174 ubique
1042 2099 1068 2156 ei
1092 2097 1295 2172 restituendas,

161 2181 333 2254 praesertim
347 2199 433 2256 quum
448 2187 568 2244 τοιοῦτο
583 2183 753 2258 quibusdem
772 2183 801 2240 iu
820 2183 891 2240 locis
910 2200 1010 2240 omnes
1028 2182 1214 2259 praebuerint
1231 2181 1295 2238 libri

162 2263 246 2336 etii,
267 2265 316 2339 qui
339 2263 370 2320 in
391 2265 454 2321 aliis
478 2269 618 2326 τοιοῦτον
638 2267 759 2340 habeut,
787 2272 865 2343 reete
886 2266 1001 2342 quidem
1023 2284 1042 2326 a
1062 2265 1203 2324 nonnullis
1233 2266 1295 2324 edi·

161 2346 272 2403 toribus
291 2352 439 2422 spretum,
463 2346 641 2405 Atticismum
658 2350 745 2406 nimis
762 2350 883 2423 amplexi
904 2367 968 2406 esse
991 2350 1124 2408 censendi
1151 2351 1231 2422 sint,
1262 2354 1296 2406 ut

160 2430 248 2486 etiam
265 2427 365 2506 paucis
383 2428 485 2486 illisio
504 2429 595 2502 loeis,
615 2431 663 2486 ubi
684 2449 782 2488 omues
803 2430 867 2487 libri
888 2437 1029 2491 τοιοῦτον
1049 2431 1122 2488 male
1143 2432 1295 2490 retinuisse

159 2512 311 2584 videntur,
332 2509 532 2568 Herodotenm
552 2517 673 2572 τοιοῦτο
694 2511 925 2570 substituendum
946 2529 1010 2568 esse
1031 2517 1139 2587 pateat.

246 2593 286 2650 Et
303 2593 340 2652 de
361 2596 488 2656 ooooeiso
510 2595 640 2671 quidem,
660 2612 830 2671 quamquam
851 2593 953 2652 eadem
974 2595 1078 2653 nostris
1099 2595 1129 2650 in
1151 2594 1296 2670 exempla-

160 2676 242 2734 ribus
263 2677 863 2754 66661166166666166116,1666166ἱοί661
885 2681 939 2735 est.
983 2675 1045 2740 VH.
1066 2682 1101 2736 12
1122 2674 1296 2739 161666-

159 2783 194 2821 το
218 2760 327 2836 vulgat.
350 2761 413 2820 sine
433 2763 572 2823 adnotata
590 2763 748 2836 varietate,
768 2760 823 2820 nisi
844 2761 924 2838 quod
945 2761 1011 2820 eod.
1035 2761 1067 2820 S.
1087 2755 1232 2843 τοσούτῳ.
1252 2792 1296 2806 -·

159 2844 186 2905 Ι.
208 2849 261 2904 124
283 2845 315 2917 ἐς
337 2850 466 2908 τοσοῦτο
488 2847 585 2906 Belli.
612 2846 650 2906 al.
672 2865 735 2904 cum
758 2846 822 2904 eod.
842 2866 869 2904 a.
896 2850 1042 2908 τοσοῦτον
1066 2844 1133 2905 Gsf.
1166 2865 1208 2890 ⁴-
1242 2849 1295 2904 192

159 2933 286 2990 τοσοῦτο
314 2946 390 2987 6666
411 2929 519 3008 vulgat.
540 2949 605 2990 eom
625 2931 659 2989 S.
680 2930 719 2993 K.
738 2929 777 2990 F.
798 2949 826 2991 a.
851 2949 879 2988 o.
921 2929 999 2991 Olim
1019 2930 1174 2992 τοσοῦτον.
1218 2929 1295 2989 Π.6

162 3010 210 3074 tul
231 3018 361 3076 estotim
392 3033 467 3072 nunc
497 3015 574 3091 vulg.
598 3033 662 3072 oum
683 3014 718 3078 F.
741 3035 769 3076 a.
811 3012 889 3074 Olim
910 3017 1067 3076 τοσοῦτον.
1108 3011 1161 3072 ΙΙΙ.
1183 3017 1218 3072 96
1236 3035 1293 3076 το·-

160 3101 252 3158 noeto
272 3117 347 3156 norro
366 3098 442 3172 vulg.
462 3119 528 3158 oum
547 3099 611 3163 cod.
634 3119 662 3162 a.
708 3098 784 3156 Olim
804 3102 960 3161 τοσοῦτον.
982 3129 1026 3142 -
1048 3102 1100 3157 113
1122 3096 1154 3169 ἐς
1167 3101 1294 3160 τοσοῦτο

159 3179 266 3257 vulgat.
287 3184 376 3244 τοῦτο
397 3181 433 3242 F.
455 3188 485 3242 61
502 3187 629 3246 sosorito
650 3183 679 3242 iu
699 3202 792 3258 marg.
813 3187 960 3246 sosoriano
975 3184 1006 3242 S.
1034 3214 1079 3224 -
1105 3180 1154 3246 IV.
1175 3187 1227 3243 113
1245 3204 1291 3244 το-

161 3268 250 3326 σοῦτο
268 3266 374 3342 vulget.
398 3285 462 3324 cum
486 3267 570 3325 codd.
590 3267 627 3324 F.
644 3268 666 3325 f.
696 3271 842 3328 τοσοῦτον
863 3268 895 3326 S.
926 3297 970 3310 -
999 3269 1052 3326 160
1070 3269 1194 3329 τοσοῦτο
1217 3259 1293 3330 &aaa

158 3348 266 3424 vulgat.
290 3353 436 3411 τοσοῦτον
458 3351 490 3413 S.
511 3352 550 3408 V:
573 3383 618 3394 -
649 3349 697 3414 Vl.
717 3353 752 3408 97
773 3354 902 3412 τοσοῦτο
922 3368 997 3408 6666
1014 3346 1121 3424 vulgat.
1148 3353 1293 3412 τοσοῦτον

159 3433 203 3506 8.,
225 3433 291 3490 item
313 3452 377 3506 esp.
393 3438 455 3496 134.
486 3434 546 3492 Vll.
565 3439 611 3508 16,
635 3440 650 3493 l
674 3438 802 3495 τοσοῦτο
824 3433 934 3508 vulgat.
955 3451 1017 3493 oum
1037 3433 1101 3488 cod.
1118 3431 1155 3488 F·
1182 3439 1293 3494 τοσοῦ-

158 3539 212 3578 τον
233 3517 265 3572 S·
287 3547 331 3560 --
353 3519 398 3588 16,
419 3521 437 3573 3
458 3523 584 3579 τοσοῦτο
607 3518 714 3591 vulgat.
736 3521 880 3578 τοσοῦτον
902 3517 934 3578 8.
958 3515 1000 3583 V.¹
1022 3548 1066 3560 -
1095 3522 1146 3575 152
1167 3523 1292 3580 τοσοῦιο

158 3593 292 3676 τοσούτῳ
317 3597 354 3655 F.
378 3601 522 3660 rooooieou
541 3603 574 3659 S.
594 3600 629 3660 V.
652 3600 685 3658 P.
705 3632 749 3644 -—-
770 3605 895 3662 τοσοῦτο
917 3618 992 3657 nune
1012 3599 1119 3676 vulgat.
1147 3605 1292 3664 τοσοῦτον

156 3687 201 3758 So,
233 3683 302 3740 item
322 3701 387 3758 cap.
411 3685 473 3740 1⁷2·
494 3687 556 3746 226.
583 3683 659 3742 VIII·
682 3688 727 3742 19·
749 3689 794 3757 68,
814 3691 841 3744 le
865 3686 925 3742 lm·
946 3687 1007 3742 109·
1026 3691 1088 3746 125.
1113 3684 1163 3748 IX.
1184 3691 1229 3746 65·
1248 3719 1292 3750 ·.···

157 3765 1291 3841 lxmmmmmmmfflaeffiwmms-mwffi

156 3856 194 3912 ²9
214 3851 359 3912 eooor'irov
381 3850 469 3924 volgo
492 3851 601 3922 editor,
622 3849 669 3907 ubi
687 3851 752 3914 eod.
771 3851 803 3912 S.
827 3845 958 3913 nouerim
979 3853 1125 3930 praebuit,
1152 3856 1230 3931 qood
1254 3855 1291 3912 ad

158 3953 258 3993 remum
275 3939 403 3997 τοσοῦτο
426 3934 532 3992 dooere
553 3940 660 4012 potest.
689 3967 734 3978 -
760 3934 811 3995 IX.
832 3942 865 3994 15
886 3941 1030 4000 τοσοῦτον
1048 3939 1152 4012 vulgo,
1173 3939 1237 3994 cod.
1259 3937 1291 3995 S.

156 4036 250 4096 aeque
266 4021 459 4078 damnandum
477 4013 583 4092 οὕτως.
628 4018 699 4083 Aliis
719 4020 749 4077 in
771 4018 842 4078 loeis
869 4019 912 4097 (Ι.
929 4025 989 4081 107.
1015 4026 1075 4082 178.
1098 4023 1161 4080 107.
1183 4019 1223 4078 Π.
1243 4023 1289 4079 36.

154 4103 203 4164 lv.
228 4108 272 4164 45.
296 4108 359 4163 199.
389 4103 423 4166 V.
447 4108 492 4166 16.
519 4110 561 4162 60.
590 4101 652 4162 Vll.
676 4103 824 4182 103163)
845 4103 893 4162 ubi
914 4108 1057 4168 τοσοῦτον
1079 4103 1225 4176 vulgatum
1247 4109 1292 4160 est

154 4187 223 4245 nibil
243 4188 389 4246 varietatis
412 4193 458 4245 est
479 4188 655 4246 adnotatum.
698 4185 899 4247 Verumtamen
917 4209 952 4251 ex
972 4189 1018 4262 iis,
1036 4203 1110 4262 quae
1133 4185 1220 4245 modo
1241 4206 1291 4261 su·

153 4290 207 4349 pre
228 4271 360 4343 disserui,
382 4277 473 4348 patet,
492 4271 583 4329 ethis
604 4273 631 4328 in
655 4270 726 4330 loeis
743 4276 871 4334 τοσοῦτο
896 4291 960 4331 esse
983 4266 1188 4346 reponendum,
1208 4275 1239 4328 61
1260 4271 1290 4329 16
1376 4337 1380 4346 ,

151 4355 223 4428 illis,
253 4361 283 4412 ot
309 4356 399 4414 solum
422 4355 640 4430 Herodoteum,
669 4375 731 4414 cum
753 4355 895 4433 plerisque
917 4354 1073 4418 editoribus
1095 4353 1285 4415 retinendum.
