2980 5032
456 352 501 412 De
523 353 641 412 dialecto
663 353 828 412 Herodotea
852 355 897 414 lib.
922 356 944 423 1,
1218 347 1259 410 41

155 581 159 588 ,
210 522 249 585 Et
269 521 441 598 grammatici
464 539 529 578 vero
558 521 611 598 ipsi
637 539 790 595 eorumque
811 521 951 598 discipuli,
979 521 1131 580 imitatores
1159 525 1187 578 et
1213 537 1259 578 as-

126 607 225 683 seclae,
248 606 468 686 quantem-vim,
490 606 545 662 suis
567 607 686 680 quisque
715 605 868 662 rationibus
887 610 918 664 et
939 607 1123 680 grammaticis
1152 611 1181 663 et
1208 605 1259 662 cri-

126 693 186 750 ticis
209 693 322 762 ductus,
347 693 376 748 iu
400 691 625 748 constituendam
653 695 778 746 veterum
804 690 971 766 scriptorum
999 691 1152 746 orationem
1179 707 1259 745 exer-
1313 709 1318 718 ·

126 777 241 845 cuerint,
262 795 348 850 quum
371 775 483 832 aliunde
502 775 575 832 iuter
598 792 696 830 omnes
716 779 836 842 constat,
854 779 921 840 ¹tum
945 773 1061 829 maxime
1083 779 1143 830 acte
1168 773 1261 829 critica

126 859 376 926 ‘ab-Alexandrinis
397 859 572 936 potissimum
595 857 781 932 grammaticis
805 857 922 914 Homeri
947 856 1112 913 carminibus
1136 855 1262 912 adhibita

127 945 193 1002 satis
214 949 258 1002 est
272 943 450 1002 declaratum.
494 941 635 1001 Herodoti
657 949 749 1000 autem
772 941 870 999 Musas
894 959 949 997 non
976 941 1094 998 intactas
1121 958 1138 996 a
1168 957 1262 1013 gram-

125 1029 288 1096 maticorum
314 1027 547 1102 disputationibus
569 1025 677 1084 relictas
702 1042 779 1096 esse,
806 1025 850 1082 vel
869 1024 982 1082 aliunde
1006 1024 1051 1082 vel
1072 1023 1138 1080 inde
1165 1023 1263 1097 conjici
1288 1065 1293 1072 ι

125 1113 199 1184 licet,
225 1112 303 1186 quod
329 1129 387 1188 veae¹
401 1111 498 1192 Jupice
519 1116 585 1168 sunt
607 1110 732 1179 locutae,
760 1114 790 1168 et
816 1110 894 1183 quod
912 1108 1025 1180 multa,
1051 1126 1125 1182 quae
1146 1107 1262 1164 Homeri

125 1196 319 1254 consuetudini
337 1197 453 1272 propius
481 1195 632 1266 accedunt,
657 1194 686 1250 iu
711 1193 744 1248 iis
767 1193 953 1252 inveniuntur.
1008 1192 1105 1258 Quare
1132 1192 1160 1248 in
1189 1191 1263 1250 libris

125 1283 162 1338 de
188 1280 313 1342 dialectis
335 1279 497 1354 conscriptis
519 1283 577 1334 tam
599 1295 696 1354 saepe,
717 1277 740 1332 si
762 1295 835 1352 quae
865 1277 981 1334 Jonicae
1005 1278 1111 1332 iorruae
1138 1275 1263 1332 afferim-

125 1372 184 1438 tur,
206 1364 384 1423 Herodutum
407 1365 542 1420 unacum
554 1361 677 1420 Homero
695 1361 864 1418 nominatum
887 1361 1130 1437 deprehendimus,
1151 1361 1262 1435 saepius

125 1465 184 1504 non
206 1447 345 1517 indicato,
369 1445 498 1504 Homero
521 1465 557 1502 an
588 1445 692 1502 recenti
720 1446 835 1502 Jonicac
858 1446 976 1503 dialecto
1005 1445 1094 1502 forma
1123 1443 1263 1518 quaedam

125 1532 162 1586 sit
185 1529 340 1607 peculiaris,
362 1531 483 1604 ideoque
493 1548 576 1606 saepe
587 1534 735 1603 utrumque
745 1529 901 1587 lonismum·
910 1531 1066 1588 confusum.
1088 1526 1182 1603 Atque
1200 1528 1262 1605 opi-

128 1614 239 1671 nionem
267 1614 356 1687 illam,
391 1633 475 1688 quam
506 1614 694 1671 Aristarchum
725 1613 973 1688 Aristarcbeosque
1001 1613 1123 1673 tenuisse
1151 1619 1264 1670 constat

126 1697 177 1776 (cf.
201 1697 246 1754 Fr.
269 1696 304 1755 Α.
333 1698 418 1755 Wolf.
446 1696 578 1774 Prolegg.
606 1719 633 1774 p.
663 1694 787 1773 245'sq.
814 1698 959 1755 Tbierscb.
984 1716 1027 1775 gr.
1058 1715 1099 1770 gr.
1123 1716 1150 1772 p.
1175 1701 1264 1772 338.),

126 1783 245 1856 quodvis
269 1789 459 1856 augmentum,
488 1785 566 1858 quod
591 1782 708 1840 Jouicae
732 1783 852 1842 dialecto
881 1782 956 1839 baud
983 1786 1056 1838 esset
1083 1781 1263 1850 conveniens,

126 1868 153 1924 in
176 1867 291 1924 Homeri
314 1867 481 1924 carminibus
509 1887 593 1942 quam
614 1868 732 1924 maxime
753 1867 933 1926 minuendum
958 1885 1034 1936 esse,
1056 1883 1151 1922 nonne
1173 1864 1263 1920 credi-

125 1950 179 2008 bile
201 1955 254 2024 est,
276 1951 419 2018 etiamad
444 1951 586 2032 Herqduti
611 1951 765 2010 orationem
791 1951 842 2007 bac
861 1947 889 2008 in
906 1949 1173 2008 recommutandaur
1188 1946 1262 2006 mul-

125 2040 184 2095 tum
208 2035 342 2107 effecisse,
366 2053 453 2110 quum
474 2034 643 2112 nonsolum
668 2035 695 2092 in
722 2033 914 2112 manuscriptis
943 2033 1085 2094 codicibus
1107 2034 1158 2091 sed
1178 2033 1263 2090 etiam

126 2137 215 2194 usque
239 2121 276 2176 ad
299 2121 373 2178 hunc
394 2121 468 2177 diem
486 2121 514 2176 in
541 2119 641 2192 editis,
665 2119 748 2178 ctiam
770 2125 949 2194 augmentum
972 2117 1150 2195 syllabicum‚
1172 2122 1203 2174 ut
1227 2117 1263 2174 de

126 2202 270 2279 temporali
292 2209 414 2274 taceam,
445 2210 474 2261 et
496 2202 759 2278 reduplicationem,
786 2221 870 2278 quam
896 2205 1007 2274 dicunt,
1037 2202 1177 2260 interdum
1200 2219 1264 2278 per·

126 2305 221 2363 peram
247 2289 349 2344 omissa
369 2287 534 2349 videamus?
564 2283 681 2356 Nonne,
704 2304 792 2361 quum
807 2293 871 2348 totu
891 2289 950 2346 sere
971 2293 1097 2345 veterum
1123 2303 1263 2359 gramma-

127 2371 245 2428 ticorum
271 2370 440 2445 disceptatio
469 2370 497 2424 in
531 2369 694 2440 quaestione
725 2371 762 2426 de
792 2371 920 2442 analogia
948 2377 977 2426 et
1005 2368 1143 2426 anomalia
1171 2370 1264 2443 posita

124 2455 170 2522 sit,
189 2469 345 2524 omnesque
361 2452 419 2506 iere
436 2469 531 2508 eorum
554 2451 724 2522 grammatici
747 2449 807 2506 libri
829 2452 1014 2525 etymologica
1035 2455 1115 2525 parte
1140 2456 1264 2506 tractan-

127 2539 165 2593 da
184 2534 375 2603 absolvantur,
399 2538 617 2590 consentaneum
643 2536 685 2588 est
709 2538 848 2609 statuere,
878 2535 961 2590 ctiam
991 2533 1172 2589 Herodotene
1201 2544 1266 2590 era-

125 2618 222 2690 tionis,
248 2617 353 2693 quippe
374 2635 450 2690 quae,
473 2616 637 2673 uberrimam
661 2616 763 2676 babeat
782 2615 830 2674 ‘his
862 2617 899 2675 de
927 2617 1009 2674 rebus
1035 2615 1189 2672 disserendi
1216 2633 1265 2672 co-

124 2703 210 2787 piam,
236 2701 392 2759 condicioni
411 2706 497 2776 atque
518 2700 635 2772 rationi,
655 2701 743 2774 qualis
766 2705 809 2757 est
829 2701 932 2760 nostris
954 2703 982 2758 in
1006 2699 1075 2758 Mss.
1093 2700 1188 2776 codd,
1207 2717 1266 2758 mu·

127 2785 306 2856 nifastissima
327 2804 424 2842 eorum
453 2785 673 2860 disputationum
698 2785 958 2863 dissensionumque
985 2785 1104 2858 vestigia
1131 2785 1266 2859 impressa

127 2868 210 2926 esse?
245 2865 348 2944 Neque
372 2887 438 2926 vero
458 2871 560 2929 desunt
582 2859 645 2945 loci,
668 2869 717 2926 ubi
741 2870 878 2945 scriptura
902 2872 1001 2931 eodeni
1023 2871 1110 2927 modo
1134 2869 1265 2944 variatur,
1341 2921 1344 2930 ,

128 2953 271 3028 quomodo
296 2954 447 3010 sententies
474 2953 717 3028 grammaticorum
742 2955 778 3011 de
794 2955 847 3019 bac
861 2956 1020 3032 propositas
1043 2955 1163 3012 variatas
1180 2953 1265 3010 fuisse

127 3043 203 3094 certo
224 3036 334 3093 scimus.
358 3069 403 3079 -—
426 3035 448 3098 l.
470 3045 504 3096 50
526 3037 651 3109 ἐλπίζων
674 3031 900 3116 άνακτήσεσθαι
928 3039 967 3096 M.
997 3041 1034 3097 R.
1066 3037 1154 3098 Paris.
1184 3037 1219 3101 F,
1249 3054 1265 3093 e

126 3139 199 3178 corr.
223 3113 453 3195 ἀνακτήσασθαι
477 3121 552 3197 vulg.
583 3128 612 3180 et
639 3120 673 3180 F.
697 3141 741 3200 pr.
760 3155 802 3166 -
826 3132 859 3182 51
881 3118 1065 3203 βουλόμενος
1082 3125 1266 3200 χαρίσασθαι

126 3202 192 3260 Ald.
209 3203 245 3262 al.
274 3206 449 3282 χαρίζεσθαι
470 3205 509 3266 M.
532 3205 569 3264 al.
590 3237 634 3248 -
655 3209 689 3264 53
713 3206 1137 3288 προλέγουσαι-καταλῦσαι
1161 3205 1201 3266 Μ.
1231 3205 1264 3266 S.

127 3287 162 3344 V.
185 3287 222 3346 R.
247 3287 283 3348 F.
312 3307 339 3347 a.
363 3308 388 3347 c.
429 3287 483 3346 Alii
504 3285 693 3352 καταλύσειν.
714 3323 757 3336 -·-
780 3291 803 3354 l.
829 3296 846 3351 9
868 3289 989 3370 παρέξει
1013 3313 1060 3351 τοι
1087 3284 1265 3366 θεήσασθαι

126 3370 203 3446 vulg,
231 3366 403 3447 θεήσεσθαι
424 3381 552 3434 e.-10
577 3373 610 3436 ἐν
639 3367 701 3452 νάῳ
730 3373 839 3452 ἔχουσα
859 3378 999 3437 τίσεσθαι
1022 3375 1114 3452 plures
1133 3374 1201 3433 Mss.
1224 3373 1265 3434 cl-

128 3460 244 3514 σασθαι
268 3452 334 3510 Alo.
361 3473 386 3512 e.
412 3488 455 3498 --
477 3461 512 3516 60
534 3457 633 3535 ἔμελλε
654 3457 824 3533 φανέεσθαι
849 3460 885 3518 F.
907 3459 944 3520 al.
966 3460 1134 3535 φαίνεσθαι
1154 3460 1183 3518 b.
1196 3459 1224 3516 d.
1237 3475 1261 3517 e.

126 3542 161 3598 73
186 3535 238 3598 καί
259 3537 404 3598 τίσασθαι
423 3535 523 3600 θέλων
542 3543 619 3616 vulg.
641 3539 780 3606 τίσεσθαι
806 3547 844 3618 ᾗὸ.
880 3548 914 3603 78
942 3542 1077 3624 ἔγνωσαν
1103 3539 1265 3620 καταστρέ-

125 3627 246 3697 ψεσθαι
264 3621 342 3696 vulg.
367 3640 453 3696 nuuc,
480 3624 747 3702 καταστρέψασθαι
768 3629 795 3686 b.
820 3630 849 3686 d.
872 3626 1132 3708 καταστρέφεσθαι
1146 3625 1214 3686 nul.
1238 3643 1264 3685 e.

115 3709 179 3772 ,117
202 3704 303 3780 ἔμελλε
328 3698 448 3780 θάψειν
469 3707 546 3780 vulg.
567 3702 698 3772 θάπτειν
727 3711 756 3771 b.
780 3713 950 3773 ι1.--144
973 3708 1181 3789 φυλάσσονται
1206 3732 1266 3788 μη-

127 3785 244 3868 deponis
269 3787 446 3862 ίςθὲξασθαι
471 3790 546 3864 vulg.
570 3790 741 3863 ίςόέξεσθαι
767 3794 806 3855 Κ.
833 3796 870 3856 F.
904 3797 956 3858 IV.
981 3800 1030 3856 117
1057 3791 1114 3859 oda
1132 3795 1191 3870 ἔφη
1215 3792 1267 3870 μί-

126 3895 210 3944 νειν,
231 3867 295 3934 ἄλλ’
322 3867 570 3934 άποπλεάσεσθαι
595 3873 661 3937 Ald.
684 3877 716 3940 S.
742 3877 776 3939 F.
803 3899 831 3939 a.
850 3899 873 3938 c.
897 3887 999 3960 μενεῖν
1019 3882 1119 3960 Stepb.
1148 3887 1177 3938 ct
1201 3887 1282 3952 sqq&

127 3953 384 4022 άποπλειίσασθαι
410 3957 442 4017 S.
491 3957 530 4014 Et
563 3960 673 4034 saepius
706 3962 768 4019 alibi
776 3981 785 4032 3
824 3967 861 4024 cf.
891 3965 965 4025 Lob.
996 3967 1033 4025 de
1062 3963 1284 4024 constructione.

129 4041 209 4100 verbi
221 4039 337 4118 μέλλειν
349 4048 378 4100 ct
396 4041 523 4098 affinium
540 4042 689 4102 verborum
706 4045 837 4126 (Parerg.
855 4069 885 4126 p.
907 4055 960 4110 745
978 4069 1041 4125 sqq.
1059 4057 1087 4108 et
1106 4049 1144 4106 ad
1162 4047 1266 4121 Pbryn.

129 4145 159 4202 p.
178 4124 265 4201 3³6..)
293 4125 316 4212 l.
338 4129 388 4184 119
403 4121 526 4204 άριστον
547 4120 637 4200 εἶναι,
660 4125 692 4190 τά
706 4124 745 4192 dv
767 4131 837 4216 ἔρδῃ
858 4132 898 4194 M.
919 4135 951 4191 S.
977 4133 1016 4195 K.
1039 4133 1074 4193 F.
1096 4151 1122 4188 a.
1145 4151 1169 4188 c.
1188 4128 1269 4209 ἕρδοι
1338 4123 1345 4137 “

127 4209 167 4268 Β.
183 4209 212 4267 (1.
238 4211 304 4270 edd.
333 4209 434 4286 (ἔρδοι
458 4211 515 4285 b.),
543 4211 578 4270 cf.
604 4208 677 4272 Lob.
695 4213 741 4289 Aj.
761 4236 802 4275 vs.
824 4221 886 4290 903,
909 4239 938 4298 p.
961 4221 1023 4276 397.
1043 4246 1085 4262 -κ-
1108 4214 1131 4274 1.
1153 4219 1188 4273 45
1210 4235 1269 4274 τιο-

133 4289 297 4370 hildilid&
316 4313 394 4366 ,nunc
419 4293 495 4368 vulg·
521 4313 583 4352 cum
608 4295 640 4356 S.
667 4295 702 4358 F.
725 4318 751 4358 a.
775 4321 803 4364 c.
819 4303 1025 4375 πολυψηφίδα
1044 4297 1110 4358 Ald.
1139 4299 1175 4359 al.
1215 4297 1268 4356 Alii

131 4380 346 4456 ταλαψηφῑδα,
376 4378 410 4440 cs.
436 4377 575 4458 lutcrppr.
598 4380 635 4438 ad
657 4381 685 4446 h,
708 4382 727 4444 l.
757 4387 803 4443 ad·
820 4375 1045 4464 Plat,'sseiput1.
1071 4383 1269 4446 V111.sooB.
