2980 5032
407 329 408 332 ’
464 311 507 374 De
532 313 651 374 dialecto
676 312 840 373 deroderet
862 315 906 374 lib.
922 313 951 375 ”Ι.
1254 315 1295 378 51

157 484 242 545 dotas
268 503 303 542 au
327 479 438 542 Ctesias
465 501 501 540 err
526 501 561 542 ex
590 481 828 556 logograplrornm
855 499 969 540 nomem
995 482 1103 558 aliquis.
1150 485 1299 547 Praeterea

157 571 193 628 ad
225 577 336 650 tigrupus
366 569 503 642 cujusque
528 569 672 642 seripturis
703 565 911 640 diligentissime
938 568 1036 642 respici
1071 571 1162 628 debet.
1211 569 1295 646 Nam,

156 655 235 727 quod
255 654 313 726 jam
337 670 422 729 supra
449 653 553 722 monui,
585 669 693 707 recens
711 651 772 726 ipsa
798 650 896 706 tonia
927 646 1060 708 dialectos
1078 656 1212 731 temperis
1233 674 1296 714 suc·
1378 708 1381 715 .

156 755 234 794 ceusu
267 738 356 794 vadas
387 737 507 794 habebat
536 735 630 792 multis
652 736 680 790 iu
703 735 792 789 rebus
810 734 984 790 ructationes.
1027 733 1108 800 Quas
1132 757 1228 796 omues
1252 741 1297 796 di·

155 811 302 880 'versitates
325 821 553 894 ‹liliereutiasque
575 819 718 895 paullatim
742 817 846 891 negligi
869 816 1074 892 exaeqrrarique
1096 828 1212 898 coeptas
1229 841 1300 895 esse,

158 915 199 978 ut,
219 907 298 962 noris
321 905 412 962 rnultis
441 906 588 962 verborum
618 903 713 958 fucinis
742 909 828 974 atque
854 901 994 958 interdum
1032 901 1116 958 etiam
1150 906 1301 964 formarum

158 991 288 1048 monstris
318 990 436 1065 repertis
471 989 640 1061 additisque,
674 986 826 1062 currrmuuis
863 987 1003 1058 quaedam
1022 985 1136 1044 ..lorica
1168 989 1301 1046 dialectus

154 1075 293 1148 oriretur,
316 1073 392 1132 haud
414 1080 518 1130 tenrere
540 1073 631 1130 nobis
648 1077 771 1125 statuere
793 1069 932 1125 rirleurua
971 1069 1013 1127 Ut
1042 1071 1115 1127 enirn
1148 1075 1300 1130 communis

158 1158 205 1214 illa
227 1158 323 1232 lingua
348 1165 418 1230 turn,
439 1175 525 1230 ιιιιιιιιι
546 1155 604 1228 jam
628 1162 762 1227 quattuor
784 1152 850 1208 illae
866 1154 970 1227 rgraeei
1004 1154 1140 1211 sermonis
1168 1157 1300 1214 differen-

141 1243 214 1298 ¹tiae
232 1241 327 1315 rigere
349 1241 504 1314 (larissam,
529 1239 646 1295 mariale
676 1238 814 1305 e'lloruit,
836 1237 875 1293 sie
899 1235 991 1294 etiam
1004 1239 1096 1296 variae
1122 1240 1201 1296 unius
1227 1241 1301 1314 ejus-

159 1327 282 1398 deurquc
305 1324 414 1383 dialecti
438 1326 553 1395 Ιιιιιοιιι,
581 1341 666 1395 quum
687 1322 822 1395 sequioris
848 1321 949 1377 aetatis
967 1321 1116 1398 scriptores
1133 1323 1231 1382 sedulo
1251 1343 1300 1382 au-

159 1409 296 1481 tiquicres
331 1409 487 1482 prorniscue
509 1407 690 1476 imitarentur,
714 1405 860 1461 nonsatis
877 1405 1029 1464 discinctae
1050 1414 1124 1470 strat.
1150 1407 1300 1487 ¹Etprima

162 1501 228 1568 pust
250 1491 351 1548 Christ.
375 1499 431 1548 irat.
454 1490 546 1548 secrrla
567 1508 697 1564 maguum
730 1490 974 1564 grammaticorum
1002 1497 1033 1548 et
1062 1491 1202 1550 rhetorum
1231 1511 1300 1570 pro·

161 1581 275 1632 ruitum
297 1575 454 1632 extulerunt
475 1575 525 1646 (cl.
550 1573 660 1630 Heercu
693 1573 713 1640 l,
749 1593 779 1648 p.
817 1577 850 1630 ta
877 1591 942 1647 sqq.
980 1573 1132 1634 Herodian.
1163 1576 1185 1650 Ι,
1216 1597 1240 1636 c.
1271 1585 1297 1636 2.

159 1658 282 1720 Praelut.
305 1657 440 1718 Nr'rru'resii
462 1659 499 1715 erl
520 1655 646 1734 Plrryu„)
668 1657 841 1730 multumque
862 1658 995 1714 suisse'iu
1016 1660 1166 1716 tractandis
1188 1661 1299 1719 imitan-

159 1744 258 1816 disque
269 1743 384 1800 Jorruue
406 1743 514 1799 dialecti
537 1741 732 1818 scriptoribus
730 1743 860 1798 studium
876 1743 1010 1819 positum,
1032 1744 1178 1800 mauiiesto
1197 1747 1299 1804 docent

156 1828 260 1902 scripta
273 1827 409 1904 Erutiarri,
431 1826 542 1897 Galeai,
566 1826 688 1896 Aretaei,
711 1825 854 1885 declarant
870 1826 979 1882 Arriani
1003 1826 1108 1897 ludica,
1128 1817 1298 1886 documento

158 1918 225 1968 sarit
245 1910 359 1970 luciani
374 1894 443 1968 libri
466 1911 503 1968 de
529 1909 589 1968 Dea
611 1911 703 1985 Syria⁵
720 1910 758 1966 de
782 1906 950 2006 Astrulogiu
1001 1909 1058 1976 Qut
1086 1929 1184 1970 omnes
1211 1914 1299 1990 scrip-

158 2003 244 2066 tores,
259 2014 430 2069 quamquam
451 2013 533 2051 suum
556 1995 710 2068 quisque
698 1993 749 2048 sibi
770 1995 951 2070 proposuisse
972 1994 1129 2072 exemplum
1156 1998 1298 2072 putandus

157 2085 211 2150 est,
233 2079 319 2136 multa
341 2089 434 2136 tamen
459 2081 616 2155 promiscue
637 2084 815 2156 usurparunt,
837 2077 1002 2176 multasque
1017 2093 1105 2136 noras
1131 2082 1264 2136 sormas'
1257 2101 1298 2138 m-

158 2161 313 2234 taxentur,
345 2165 424 2237 quod
443 2183 478 2218 eo
505 2163 610 2220 lucilius
631 2163 692 2218 lieri
716 2162 826 2237 potuit,
848 2181 906 2236 qao
928 2162 1018 2238 magis
1040 2169 1102 2221 tam
1121 2163 1168 2222 illa
1196 2165 1298 2223 dialec-

158 2255 204 2303 tus
226 2246 306 2322 jain
304 2266 322 2326 a
345 2247 484 2302 curnmrrui
508 2248 597 2302 ritae
604 2265 657 2300 usu
679 2251 787 2302 remota
808 2263 826 2300 a
849 2247 1036 2319 grammaticis
1059 2255 1167 2306 tantum
1189 2257 1218 2306 et
1235 2250 1299 2307 rbe-

156 2331 280 2388 turibus
277 2349 338 2406 per
356 2330 510 2384 deciduam
531 2337 562 2383 et
587 2328 689 2400 scripta
711 2334 867 2384 srrsteutata
888 2339 939 2386 est.
974 2329 1035 2386 Nec
1055 2333 1176 2388 multum
1198 2351 1318 2406 ιιιιιιιΙ

156 2415 288 2474 aberrare
314 2412 379 2468 milri
404 2413 516 2471 uideor.
539 2411 561 2464 si
583 2410 656 2464 illud
674 2410 759 2464 irrisse
796 2417 907 2484 tempus
931 2419 1043 2481 statuo,
1069 2430 1126 2486 quo
1148 2415 1278 2470 ruulla'
1271 2436 1298 2474 ru

158 2497 327 2558 Herorlotea
349 2493 477 2556 irratione
499 2492 741 2568 permiscerentur,
764 2491 924 2564 multaeque
945 2511 1037 2548 norae
1063 2497 1169 2551 formae
1197 2504 1227 2551 ut
1249 2497 1299 2552 Jo-

155 2580 242 2640 'n'ictre'
269 2578 482 2646 inducerentur·
509 2583 541 2633 ut
571 2593 631 2651 quo
660 2575 769 2650 saepius
797 2579 826 2630 et
854 2573 1041 2650 negligentius
1069 2575 1209 2634 Herodoti
1239 2579 1300 2656 libri

157 2662 271 2720 tractati
293 2662 497 2738 ‹leseriptique
504 2668 579 2734 suut,
602 2679 636 2718 eo
664 2661 754 2734 magis
774 2667 926 2734 erigeretur
945 2659 1118 2736 perturbatio
1136 2667 1164 2717 et
1185 2679 1300 2742 corrup-

156 2747 207 2810 tic.
251 2746 425 2808 creberrime
450 2747 522 2803 euim
544 2752 606 2802 tum
618 2743 760 2801 Herodoti
783 2743 950 2820 exemplaria
967 2762 1029 2802 esse
1050 2745 1203 2822 descripta,
1233 2753 1261 2803 et
1282 2767 1300 2804 a
1363 2790 1366 2798 ,

157 2819 274 2890 librariis
291 2849 378 2906 saepe
398 2830 526 2904 genuinis
552 2828 644 2888 verbis
666 2827 838 2885 substituta'
838 2843 902 2886 esse
922 2845 972 2898 ea,
995 2847 1071 2904 quae
1089 2827 1139 2885 illis
1166 2833 1299 2907 tempori-

158 2915 218 2972 bus·
234 2933 277 2972 ess
280 2921 328 2972 ent
350 2915 480 2990 probata,
504 2932 589 2990 supra
608 2913 666 2987 jam
689 2913 815 2968 vidimus.
857 2909 960 2987 Neque
980 2915 1065 2970 etiam
1081 2919 1181 2991 postea
1206 2917 1299 2974 mutim

156 2999 212 3057 ista
233 2998 400 3074 exorarrlaria
422 2997 523 3072 corrigi
543 3005 691 3074 poteraut,
718 2991 881 3074 praesertim
909 3013 996 3072 quum
1017 2997 1073 3071 jam
1095 2999 1167 3056 inde
1181 3017 1199 3056 a
1221 3000 1299 3058 Cou-

156 3083 270 3142 rtantiui
293 3082 391 3158 Magni
407 3082 585 3158 temporibus
607 3080 711 3139 ruallus
730 3086 829 3137 uotum
853 3080 890 3136 sit
906 3083 1078 3140 concurrisse
1092 3084 1226 3140 adversas
1243 3103 1299 3156 res,

157 3166 258 3241 quibus
283 3167 390 3224 litterae
413 3169 600 3244 expeditaque
621 3165 796 3238 antiquitatis
824 3165 1026 3241 pervestigatio
1054 3183 1186 3242 maguum
1216 3187 1300 3246 cape-

156 3257 222 3311 rent
242 3251 437 3308 detrimentum
459 3258 548 3325 atque
574 3251 778 3326 impedirentur
805 3247 855 3318 (ci,
883 3248 994 3306 Heeren
1024 3249 1048 3324 Ι,
1069 3269 1097 3326 p.
1125 3251 1143 3309 9
1169 3267 1262 3328 sqq,
1271 3269 1298 3330 p.

156 3337 209 3409 77,
234 3355 263 3412 p
290 3336 351 3407 51).
401 3333 500 3392 lstam
511 3335 549 3392 ad
572 3333 765 3391 conluuionem
797 3331 874 3389 haud
904 3332 989 3390 dubie
1015 3335 1156 3409 pertinent
1183 3337 1299 3406 formae,

156 3417 357 3491 quibusdam
350 3436 378 3472 ru
401 3418 484 3476 codd.
504 3417 572 3474 tiss.
591 3417 701 3487 obviae,
722 3417 846 3492 φοιτῆι,
860 3415 1298 3495 ppteoliutaliaehujuscemodi,
1308 3465 1311 3469 .

156 3502 193 3559 de
217 3500 319 3575 quibus
330 3499 413 3559 inira
432 3502 488 3558 suis
507 3502 536 3560 in
556 3501 623 3558 locis
646 3501 811 3557 uidebimus.
869 3525 875 3532 ·

241 3582 361 3642 nultum
381 3583 426 3638 isti
449 3591 594 3658 praeteoea
615 3603 734 3657 graecae
757 3583 871 3658 liuguae
894 3581 1005 3642 licentia
1028 3603 1079 3661 per
1101 3585 1299 3662 paragogieam

156 3669 299 3743 quandam
316 3667 435 3728 litteram
455 3685 536 3724 nora
554 3669 727 3724 trarlueeudi
737 3666 838 3723 rerba
849 3665 930 3722 abusi
952 3672 1028 3742 sunt,
1048 3669 1166 3726 multum
1192 3689 1226 3727 eo
1248 3671 1299 3728 Jo-

155 3770 222 3813 aaut
250 3769 343 3820 ruore,
378 3767 436 3824 quo
462 3750 567 3810 formas
593 3757 770 3811 contractas
781 3768 833 3824 per
865 3770 878 3806 ε
903 3763 1109 3810 consueverunt
1135 3741 1300 3831 dissolvere,

142 3854 245 3910 quum
267 3836 313 3892 isti
336 3835 498 3894 statanor
523 3840 680 3896 contractas
702 3847 799 3890 voces
808 3839 857 3890 aut
877 3833 946 3930 ‘jam
969 3845 1143 3906 contractas,
1185 3838 1299 3894 sinse-

154 3921 290 3991 tendo,
283 3939 311 3978 ra
339 3917 473 3992 majorem
500 3918 641 3992 quandam
663 3917 781 3976 Jorrisrni
809 3917 928 3994 speciem
955 3880 1153 3996 depravarent
1195 3919 1300 3994 Neque

153 4011 248 4072 tamea
269 4003 324 4062 troc
335 4001 486 4064 Herodoti·
498 4007 551 4073 est,
574 4013 666 4076 neque
682 4001 708 4058 ei
727 4001 789 4078 ipsi,
812 4003 835 4058 si
856 4003 930 4061 torte
941 4003 999 4062 tale
1010 4005 1078 4078 quid
1102 4005 1130 4060 iu
1154 4003 1299 4060 codicibus

154 4087 317 4156 inremruus,
343 4086 539 4161 tribuendum,
566 4085 671 4161 quippe
688 4086 741 4160 qui
763 4104 909 4168 uunquam
935 4087 988 4144 uisi
1015 4095 1091 4144 certa
1117 4085 1241 4159 quadam
1263 4107 1298 4145 ex

154 4172 345 4230 contractione
364 4169 470 4234 solutu
494 4170 668 4244 usurpaverit
698 4171 809 4227 formas
865 4171 1066 4228 Verumtamen
1094 4169 1297 4227 Hemsterhnsii

154 4257 325 4332 temporibus
349 4255 464 4330 atque'
457 4273 484 4314 ur
502 4253 649 4329 disciplina
669 4271 783 4325 eorum,
810 4255 858 4328 qui
883 4255 919 4310 ab
947 4253 1007 4324 ejrrs
1035 4252 1222 4310 auctoritate
1225 4273 1297 4330 pen-

152 4338 258 4400 debant
279 4346 308 4398 ct
328 4339 462 4418 pendent,
484 4357 604 4412 quorum
629 4337 657 4396 in
674 4355 790 4396 numero
815 4339 867 4394 hac
894 4355 927 4394 ex
951 4341 1033 4411 parte
1052 4335 1136 4476 qtipm
1151 4336 1296 4416 Schweig-
