3014 5042
225 353 287 420 108
537 355 582 414 De
604 357 726 418 dialecto
743 355 911 416 Herodotus
931 355 981 414 lib.
1003 353 1039 416 ss.

224 533 259 586 10
280 521 336 604 τὴν
352 521 393 598 di,
416 521 479 586 dari
492 519 564 595 τοὺς
583 523 694 595 παῖδας
714 516 927 602 ἀνδροθῆκαι,
950 525 1041 586 τοῦτο
1056 521 1111 601 μίν
1126 539 1183 600 σφι
1199 518 1353 602 σε’ίνοματα

224 611 356 684 θέσθαι,
378 631 406 674 κ.
429 631 452 669 τ.
473 611 515 680 t„
537 607 584 665 ubi
607 625 624 666 a
645 607 739 666 verbis
761 602 818 684 τὴν
841 605 896 678 di,
929 613 995 667 ante
1017 607 1080 670 ἐπεὶ
1101 608 1221 685 positis,
1253 609 1354 684 incipit

224 695 372 774 spodosis.
422 689 469 750 w.
490 695 526 750 33
554 689 618 752 ἐπεὶ
646 689 677 752 di
697 725 741 736 -
769 683 826 752 οὔκ
848 691 1047 754 α’πονοστέειν
1068 725 1113 736 -·
1134 686 1216 754 οὕτω
1239 685 1278 768 dri
1301 691 1353 769 φί-

225 801 334 859 ροντας
353 807 397 820 -
417 767 618 852 ἐπισκήπτειν.
670 774 719 838 ΙΧ.
741 780 776 836 93
797 771 961 856 πρόφαντα
989 776 1021 838 δέ
1048 794 1105 854 σφι
1127 775 1213 838 ἐντι
1237 769 1352 838 Δωδεί-

223 886 262 948 νρ
284 859 336 922 καί
357 858 390 923 ἐν
412 863 559 936 Δελφοῖσι
581 859 711 940 ἐγίνετο,
743 858 807 922 ἐπεί
835 883 865 922 τε
887 852 1069 940 ἐπειρώτεον
1098 855 1169 932 τούς
1190 855 1353 940 προφήτας

223 971 251 1008 κ.
274 970 299 1007 τ.
321 949 362 1019 t,
394 943 435 1001 sic
455 942 521 1006 ἐπεί
541 965 572 1005 τε
593 944 697 1002 merito
718 944 880 1020 Schweigh.
903 944 996 1002 Gaisf.
1028 945 1074 1004 aiii
1098 963 1132 1002 ex
1155 944 1354 1003 emendatione

220 1029 333 1090 Reiskii
354 1033 529 1105 receperunt
555 1046 609 1105 pro
636 1027 710 1086 maie
737 1028 854 1103 vulgato
878 1027 992 1097 ίπειτα,
1024 1028 1079 1087 hoc
1110 1029 1147 1086 ab
1175 1029 1239 1088 loeo
1269 1027 1354 1105 plane

194 1183 196 1192 s
223 1115 331 1188 alieno,
358 1131 444 1190 quum
471 1117 610 1189 appareat
633 1109 700 1174 ἐπεί
725 1133 755 1174 τε
777 1107 954 1195 ἐπειρώτεον
974 1115 1105 1190 protasin
1134 1129 1199 1174 esse
1228 1117 1258 1174 et
1278 1109 1353 1190 πρό-

225 1221 325 1276 φαντα
347 1196 379 1259 δέ
400 1219 430 1256 κ.
451 1218 476 1256 τ.
498 1201 524 1258 λ.
554 1200 584 1252 εί
605 1196 638 1257 oi
657 1193 689 1257 di
705 1195 838 1276 ἐφριιζον
858 1221 888 1258 κ.
913 1221 938 1258 τ.
959 1201 987 1258 ί.
1016 1198 1167 1274 τροιίοοὶο.
1206 1199 1245 1256 es.
1267 1215 1355 1275 snpra

224 1287 372 1362 p.38sqq.
394 1281 443 1340 IX.
461 1285 497 1339 84
517 1277 628 1340 ἐπείτε
650 1276 682 1340 di
697 1282 884 1360 Μαρδονίου
908 1275 926 1344 d
948 1274 1355 1362 νεκρόςήφιίνιστο,--ἐχει

225 1365 258 1429 di
278 1389 347 1428 τινα
369 1359 461 1442 φάτιν
482 1363 535 1424 καὶ
548 1359 790 1444 Διονυσοφάνης
810 1360 916 1444 θάψαι
935 1361 1131 1446 Μαρδόνιον.
1167 1368 1261 1435 Quam
1283 1366 1356 1424 inter

224 1451 354 1530 protasio
378 1456 407 1507 et
428 1447 569 1526 apodosiu
579 1448 743 1507 Herodotus
764 1451 895 1524 inseruit,
916 1468 974 1508 non
997 1456 1077 1508 certo
1098 1469 1132 1508 se
1154 1451 1238 1522 scire,
1260 1469 1278 1506 a
1297 1469 1355 1526 quo

224 1534 368 1594 Mardonii
389 1533 511 1590 cadaver
532 1538 613 1589 esset
627 1533 781 1610 sepultum,
803 1553 888 1610 quum
909 1534 1007 1611 piures
1028 1536 1058 1592 id
1080 1536 1117 1592 de
1139 1553 1170 1592 se
1192 1533 1357 1611 praedicas-

189 1696 193 1700 ·
226 1625 307 1677 sent:
328 1607 385 1678 ὕπ’
408 1611 478 1680 ὅτευ
500 1613 553 1694 μὲν
575 1609 749 1696 ἀνθρώπων
770 1643 798 1680 κ.
814 1641 839 1679 τ.
855 1623 880 1678 λ.
902 1617 1005 1695 quibus
1027 1605 1204 1696 respondent
1225 1613 1356 1689 πολλοὺς

227 1701 261 1765 δέ
287 1724 372 1772 τινας
399 1734 443 1746 -
470 1696 591 1779 ἤκουσα
618 1724 646 1760 κ.
669 1726 693 1762 τ.
715 1707 740 1762 ί.
783 1703 939 1780 Postquam
968 1721 1037 1760 vero
1065 1701 1188 1760 cadaver
1213 1701 1357 1760 sindona

225 1788 316 1845 altero
338 1786 385 1842 die
406 1785 576 1849 subductum
595 1785 666 1860 fuit,
688 1785 774 1845 habet
794 1787 920 1844 nonnihil
942 1786 1034 1844 famae
1055 1786 1291 1864 Dionysophanes
1311 1787 1356 1844 uir

224 1869 366 1948 Ephesius
387 1871 534 1946 sepeliisse
555 1869 751 1945 Mardonium,
780 1889 950 1947 quamquam
971 1871 1057 1928 etiam
1079 1871 1126 1928 aiii
1149 1871 1245 1947 piures
1266 1871 1297 1927 id
1319 1871 1356 1927 de

226 1975 258 2013 se
280 1955 529 2031 praedicaverunt,
552 1955 627 2011 unde
648 1961 755 2012 eertum
776 1974 834 2014 nou
855 1953 948 2013 habeo
971 1954 1085 2028 dicere,
1108 1955 1235 2030 quisnam
1258 1973 1358 2012 eorum

224 2057 327 2096 revera
349 2038 378 2094 id
398 2039 508 2096 fecerit.
551 2034 589 2094 Et
611 2039 653 2096 sio
681 2037 749 2101 ἐπεί
768 2061 799 2100 τε
829 2044 906 2096 recte
935 2044 981 2096 est
1001 2038 1145 2114 vulgatum
1167 2037 1253 2114 (sust
1266 2035 1300 2100 di
1319 2039 1356 2098 V.

225 2121 274 2184 ἐπί
297 2119 330 2182 di
350 2121 396 2199 S.)
428 2141 521 2197 neque
549 2121 663 2184 ἔπειτεν
685 2119 717 2183 δὲ
738 2123 851 2181 Schaef.
875 2129 904 2179 et
926 2121 1019 2188 Gaisf,
1049 2123 1182 2199 recipere
1202 2123 1357 2197 debebant,

226 2223 394 2283 quamquam
416 2205 589 2263 Schaeferus
609 2202 638 2264 in
659 2207 797 2265 Reiziena
818 2207 944 2264 editione
965 2204 1031 2267 ἐπεί
1052 2227 1084 2268 τε
1107 2204 1140 2268 ὑὲ
1161 2207 1285 2266 retinnit.
1314 2237 1358 2250 —-

225 2291 285 2348 Sed
314 2288 351 2350 H.
377 2295 411 2348 52
442 2288 554 2351 inesses
581 2288 613 2352 di
640 2323 684 2335 -
712 2283 865 2354 ἐπύθοντο
895 2295 972 2348 recte
1000 2289 1117 2349 Reizins
1144 2291 1274 2368 reposuit
1302 2309 1356 2370 pro

225 2371 391 2448 dionissii,
416 2375 494 2450 qnod
517 2373 645 2441 Gronov.
668 2373 763 2434 Wess.
791 2374 827 2433 ei.
856 2375 1032 2451 scripserunt
1062 2393 1124 2432 onrn
1147 2375 1230 2437 oodd.
1259 2375 1291 2434 P.
1312 2375 1355 2438 Μ.

226 2459 265 2521 K.
287 2458 380 2520 ἐπείτε
402 2457 433 2520 δὲ
453 2459 489 2518 F.
512 2457 611 2522 ἔπειτα
631 2457 663 2521 di
685 2459 749 2518 did.
776 2460 812 2518 ai.
835 2478 897 2516 oum
919 2457 952 2519 S.
979 2489 1023 2503 --
1051 2457 1101 2516 IX.
1122 2463 1157 2517 98
1179 2457 1281 2521 dusera
1302 2451 1358 2522 ιἰν·

227 2542 398 2622 ενειχθὲντα
423 2543 531 2618 vulgat.
553 2542 655 2607 -ἒπείτε
675 2544 748 2602 maie
769 2545 834 2604 eod.
856 2545 905 2618 S.,
935 2545 988 2602 sed
1018 2541 1135 2602 Sahaef.
1161 2541 1284 2606 ἔπειτεν.
1313 2575 1356 2588 --

226 2628 282 2701 At,
326 2629 381 2686 etsi
410 2629 490 2686 locus
517 2630 572 2687 iste
605 2629 682 2706 apud
711 2629 843 2686 Eustath·
878 2645 915 2684 es
948 2625 1088 2701 Dionysio
1122 2627 1253 2686 laudatus
1285 2647 1358 2686 non·

225 2711 294 2770 nihii
316 2713 485 2788 suspicionis
507 2711 574 2769 mihi
595 2717 700 2784 movet,
722 2718 848 2768 autnon
869 2719 947 2769 reete
960 2711 1113 2770 memoriae
1129 2713 1285 2770 tradidisse
1297 2713 1358 2772 Eu-

226 2793 375 2867 statbium‚
403 2800 531 2853 autnon
553 2799 633 2851 recte
655 2795 838 2871 praecepisse
861 2791 1047 2873 Dionysium,
1075 2796 1181 2874 qnippe
1199 2797 1249 2871 qui
1271 2797 1358 2854 etiem

226 2875 394 2934 vocabulum
415 2872 492 2938 εἷεεκ
514 2877 672 2945 Herodoto¹
690 2877 719 2934 in
742 2897 795 2935 nsu
821 2877 910 2936 tuisse
932 2881 1130 2953 contenderit,
1157 2897 1241 2956 quum
1262 2899 1359 2958 neque

227 2955 292 3023 εἶτα
312 2979 405 3036 neque
427 2955 503 3022 εἶτεν
523 2961 630 3018 nostris
653 2961 681 3018 in
703 2962 782 3020 libris
804 2963 942 3039 invenias,
963 2969 1058 3022 umen
1078 2964 1166 3021 multo
1188 2962 1314 3043 pluribus
1328 2965 1357 3022 in

225 3045 313 3118 locis,
349 3063 434 3120 quam
459 3061 535 3103 nono
563 3045 726 3120 conjectura
753 3045 813 3104 erui
833 3050 949 3124 potest,
981 3067 1020 3106 ne
1042 3049 1135 3107 dieam
1156 3049 1186 3107 in
1218 3047 1358 3124 omnibus,

226 3127 340 3190 ἔπειτεν
368 3128 404 3185 ab
425 3127 574 3186 Herodoto
602 3129 667 3206 ipso
687 3129 812 3208 positum
833 3132 938 3208 fnisse,
963 3134 1028 3209 jure
1055 3134 1157 3190 merito
1183 3135 1359 3192 contendere

225 3212 294 3270 mihi
307 3211 417 3270 videor.
457 3211 534 3271 Nam
552 3211 676 3285 ἔπειτεν,
696 3215 775 3291 quod
797 3215 881 3273 etiam
901 3234 920 3273 a
933 3215 1057 3275 Pindaro
1079 3224 1245 3296 usurpatum
1266 3218 1359 3294 rides,

227 3295 278 3372 (cf.
301 3293 386 3370 Pyth.
407 3295 456 3372 IV,
478 3303 540 3357 211.
555 3297 642 3358 Nem.
662 3297 714 3374 ΠΙ,
737 3304 780 3362 54.
803 3300 842 3358 ei.
858 3300 957 3364 Herm.
979 3301 1087 3380 Opno.
1108 3301 1132 3377 Ι,
1154 3321 1184 3380 p.
1199 3307 1260 3360 365.
1282 3299 1357 3362 Lob.

226 3379 331 3456 Pin-yn.
354 3401 382 3458 p.
395 3379 473 3457 124),
495 3398 513 3438 a
534 3379 699 3458 Megareusi
721 3383 797 3461 apud
819 3384 965 3463 Aristoph.
982 3384 1106 3444 Acharn-
1125 3391 1176 3446 745
1197 3385 1279 3464 (710)
1303 3381 1359 3470 κῆ-

225 3485 325 3526 πειτεν
354 3463 386 3538 ίς
414 3459 468 3527 τόν
498 3461 615 3529 σάκκον
634 3455 692 3530 oid'
716 3466 880 3548 ἐσβαίνετε,
908 3475 938 3526 et
965 3471 1212 3547 aposterioribus
1233 3471 1359 3548 saepius,

146 3567 149 3573 ’
227 3554 343 3608 constat
360 3550 422 3609 fere
443 3551 519 3610 inter
540 3566 640 3610 omnes
661 3551 787 3610 Ionicum
810 3571 885 3617 esse.
927 3551 1062 3613 Attamen
1078 3555 1269 3628 Herodotum,
1291 3571 1358 3614 rere

51 3639 56 3646 '
121 3691 126 3694 ,
175 3693 178 3700 ,
225 3631 322 3692 Ιοοίαε
346 3632 528 3713 loquentem,
549 3636 628 3694 nulio
644 3635 721 3710 ioco,
746 3637 786 3693 nti
808 3638 900 3694 nostri
921 3637 1008 3696 codd,
1030 3637 1101 3704 tiss.
1122 3639 1255 3714 suadent,
1275 3639 1359 3700 istam

226 3714 350 3776 ionicam
377 3718 500 3776 sormam
527 3739 700 3798 usurpasse,
734 3719 889 3798 putemust
931 3721 1064 3799 Minime,
1094 3729 1180 3800 atque
1202 3723 1275 3784 adeo
1297 3723 1359 3782 aliis
1442 3729 1447 3736 '
1496 3714 1500 3723 ¹

226 3800 312 3859 etiem
333 3801 363 3857 in
384 3799 473 3878 locis,
501 3805 549 3862 ubi
571 3807 713 3864 dissensio
734 3804 872 3864 librorum
894 3806 1087 3882 conjecturam
1108 3809 1253 3882 admittit,
1281 3806 1376 3866 loni:

226 3903 290 3943 cum
312 3881 423 3946 ἔπειτεν
443 3888 650 3948 restituendum
671 3905 736 3948 esse
758 3909 874 3953 censeo.
917 3891 966 3948 Sir
986 3909 1056 3950 vera
1084 3893 1225 3971 scripturo
1247 3889 1359 3956 ἔπειτεν

226 3968 274 4028 vl.
293 3974 330 4030 83
350 3969 417 4027 mihi
439 3969 529 4030 latere
550 3973 662 4032 videtur
683 3975 712 4031 in
731 3980 867 4052 corrupta
896 3975 1021 4034 lectione
1044 3977 1131 4040 codd.
1151 3977 1183 4039 S.
1205 3975 1240 4033 V.
1263 3976 1361 4040 ἐπείτε
1446 4038 1450 4048 ,

226 4085 268 4098 —·
290 4052 446 4134 ἐξέβαλον,
473 4075 527 4134 pro
549 4075 606 4133 quo
629 4076 726 4117 ornnes
748 4057 890 4118 editiones
911 4057 1010 4122 ίπειτα
1032 4081 1107 4121 nnnc
1126 4060 1278 4140 praebent.
1321 4059 1359 4120 nt

226 4135 331 4198 ibidem
353 4138 450 4218 paullo
471 4145 542 4218 post
566 4141 838 4219 seripturaoodieis
852 4143 884 4203 S.
905 4141 978 4218 τέως
998 4138 1052 4223 μὲν
1072 4179 1115 4190 -
1138 4145 1233 4208 ἐπείτε
1254 4141 1287 4208 di
1308 4143 1359 4222 (ἐτ

226 4243 314 4285 πειτα
334 4222 491 4302 editiones)
512 4226 549 4284 ad
577 4243 674 4286 vuum
696 4223 810 4290 ἔπειτεν
841 4246 894 4288 nos
917 4230 1023 4290 (iurare
1044 4235 1151 4308 potest.
1192 4228 1359 4308 Eodemque

226 4309 312 4365 modo
333 4305 439 4387 V1.‚9l
469 4328 523 4386 pro
552 4312 680 4391 eodieum
700 4310 741 4371 Κ.
762 4311 798 4370 F.
821 4312 850 4375 b.
871 4321 1005 4392 corrupta
1026 4317 1170 4392 scriptura
1190 4313 1243 4378 κοί
1263 4312 1360 4378 ἐπείτε

227 4421 270 4433 -
312 4389 439 4471 ἐξῆγον,
467 4400 516 4454 erit
541 4415 594 4473 pro
622 4395 739 4473 vulgate
770 4394 886 4471 ἔπειτα,
915 4401 1013 4478 reponi
1042 4400 1125 4458 velim
1154 4397 1276 4463 ἔπειτεν.
1320 4397 1360 4460 τί.
