2984 5042
217 323 259 387 20
522 319 578 380 me
599 320 718 381 dialecto
740 317 905 378 Herodotea
926 319 972 379 lib.
987 316 1016 377 l.
1122 302 1129 329 ¹

221 515 272 568 τος
295 478 494 572 υαθαρτικοῦ.
519 519 566 562 -.
585 481 811 568 ἐπιλεγόμενος,
834 485 920 562 gloss.
950 488 977 545 in
1005 485 1050 562 P„
1067 473 1359 566 ἀναγινωσκόμενος.

221 583 274 640 180
295 570 413 653 ξάλινοι
433 571 581 647 κολοσσοί,
602 565 759 651 ἀγάλματα
782 572 870 648 gloss.
892 573 920 629 in
942 571 972 630 P.
1004 577 1054 630 132
1076 573 1153 651 βοῦς
1169 565 1249 648 ζωή,
1277 573 1363 631 coion

221 660 330 740 (ζῶσα)
353 659 437 736 gloss.
459 659 487 714 in
507 656 539 714 Ρ.
577 659 628 714 183
647 651 726 728 ὅκως
747 652 804 729 ντίξ
826 657 950 736 γίνοιτο,
972 652 1058 731 gloss.
1080 657 1109 713 in
1131 655 1162 712 P.
1179 650 1275 716 δποτε.
1290 653 1361 731 ἐνη-

222 739 362 828 βητήρια,
385 734 573 820 εάοογητηρια
586 740 679 815 gloss.
699 743 726 796 in
743 739 781 797 P.
811 745 840 796 et
865 739 946 798 solu.
976 760 998 798 S.
1028 759 1054 796 v.
1095 743 1146 799 136
1174 740 1362 820 κατονοσθῇ,

222 825 428 908 ’καταμίμφοιο
452 825 537 900 gloss.
559 824 588 881 in
614 823 647 884 P.
684 829 733 882 145
760 819 958 903 λογιζόμενοι,
984 817 1191 902 ψηφιζόμενοι
1217 823 1303 900 gloss.
1332 821 1361 878 in
1469 855 1471 864 ‹

223 915 256 972 P.
291 917 343 972 162
368 909 421 972 καί
444 912 486 992 τῷ
504 904 603 978 αι’ίκως
624 901 787 968 ἀεκούσιον
808 905 920 988 ἐγίνετο
942 903 975 967 τὰ
998 901 1196 986 ποιεύμενον,
1220 905 1307 982 gloss.
1332 906 1360 962 iu

223 997 258 1056 P.
282 999 325 1078 aqi
344 988 557 1075 Ἀμάσιδι.“-
583 983 777 1070 ἀπεματάϊσε,
801 991 889 1055 schol.
914 993 943 1049 in
968 989 1001 1050 P.
1024 985 1264 1070 ἒματαιολόγηοε,
1284 982 1362 1066 ἐμοί·

225 1101 325 1163 ρανεν.
348 1113 386 1124 -
410 1069 591 1158 πςριθάμονς
613 1072 716 1151 ἔχοντα
736 1075 821 1150 gloss.
848 1077 876 1134 in
893 1073 924 1137 P.
948 1071 1031 1135 πάνυ
1052 1075 1187 1156 ὀργίλως.
1218 1079 1268 1134 165
1291 1069 1361 1132 ἀνί-

226 1185 319 1227 ωνται
344 1157 510 1238 (ἀνέονται)
533 1157 618 1232 gloss.
634 1157 662 1215 in
684 1155 716 1220 P.
739 1153 883 1220 ἀνίενται.
911 1163 970 1217 ’168
991 1157 1079 1220 πέντε
1103 1151 1201 1239 μνέαι,
1221 1156 1307 1214 schol.
1333 1156 1361 1212 in

225 1249 258 1308 P.
274 1242 381 1310 ἑκατὸν
391 1240 519 1324 δραχμαί
533 1244 748 1318 ποτοῦσιμνάν
761 1241 887 1322 μίαν-
904 1237 1084 1327 ἒκαστίροιῆ
1101 1240 1136 1306 cci
1149 1245 1205 1302 rori
1220 1235 1360 1319 Ἀπρίεω,
1470 1305 1471 1318 .

159 1322 163 1330 ⁸
225 1325 251 1415 ql
267 1331 300 1390 Ρ.
323 1348 387 1387 cum
411 1327 497 1403 gloss.
519 1319 608 1388 ὅπου.
641 1329 690 1385 171
719 1327 841 1405 δείκηλα
869 1324 953 1400 gloss.
980 1327 1009 1383 iu
1031 1325 1066 1384 P.
1098 1325 1221 1398 εἴδωλα,
1249 1321 1363 1402 ὅμοιοί·
1470 1339 1471 1344 ’

227 1419 308 1476 ταδα.
338 1410 401 1470 Vll.
429 1415 480 1470 188
496 1405 694 1490 πρόκροσσαι,
719 1406 794 1490 ἀλλη
816 1403 862 1471 ἐπ’
881 1405 966 1493 tuq.
989 1409 1083 1468 Schol.
1110 1411 1138 1467 in
1159 1409 1191 1467 P.
1217 1427 1280 1466 cum
1302 1407 1362 1465 En·
1470 1419 1471 1480 ᾖ

228 1497 315 1558 stath.
324 1501 354 1554 et
364 1495 444 1552 Snid.
463 1513 485 1551 s.
496 1511 523 1562 ν.
538 1524 582 1536 -
595 1499 631 1552 23
641 1489 712 1565 τοάς
725 1488 878 1556 ἀνωτάτοι.
889 1487 1061 1564 ἀνωτάτοος
1078 1493 1105 1551 b.
1118 1493 1189 1552 inter
1202 1491 1299 1549 lineas.
1312 1491 1361 1550 lX.
1470 1515 1471 1540 1

228 1586 264 1642 '10
275 1573 449 1650 ἀλοκτάζον.
463 1571 577 1639 ἀλυκτά
579 1578 648 1652 ζειν,
659 1579 836 1660 δυσφορεῖν,
847 1571 1026 1658 ἀγανακτεῖν
1037 1577 1068 1634 Ρ.
1074 1595 1183 1652 margo.
1190 1576 1271 1643 Quae
1282 1575 1364 1633 scho-

228 1665 266 1724 lia
292 1670 322 1722 et
343 1663 510 1739 glossemata
531 1667 563 1719 nt
587 1662 650 1718 loco
675 1679 727 1720 sno
746 1683 802 1720 non
819 1667 887 1720 sunt
902 1667 990 1734 mota,
1007 1661 1046 1718 ita
1061 1661 1196 1740 pleraque
1211 1659 1265 1717 alia
1277 1659 1363 1716 libra·
1470 1731 1471 1736 η

229 1739 334 1808 riorum
354 1747 458 1804 incuria
485 1750 572 1822 atque
592 1745 699 1803 inscitia
721 1765 755 1804 err
775 1746 966 1825 superscriptis
992 1745 1036 1804 vel
1050 1744 1209 1824 'adscriptis
1236 1750 1264 1801 et
1291 1761 1364 1800 mar·
1470 1753 1471 1762 ¹

149 1853 152 1859 ¹
230 1833 340 1910 ginibus
366 1831 459 1905 statim
482 1830 635 1887 intextum
655 1837 768 1906 recepta
786 1835 869 1902 sunt;
898 1827 998 1905 quibus
1025 1829 1054 1886 in
1082 1828 1149 1887 locis
1177 1842 1263 1903 quum
1280 1827 1365 1884 libra·
1470 1849 1471 1866 ι

229 1917 287 1976 rins
307 1915 377 1972 alter
401 1914 488 1972 altero
515 1914 604 1988 magis
622 1919 643 1970 'a
664 1913 820 1972 voluntaria
842 1914 996 1972 mutatione
1023 1912 1075 1970 sibi
1103 1912 1278 1989 temperarit,
1305 1909 1364 1990 ple-

229 2017 347 2075 rumque
367 1997 473 2057 multae
494 1997 721 2056 sunt‘lectionnm
743 1998 903 2073 varietates,
923 2003 955 2054 nt
977 1997 1133 2076 facileipsa
1154 1997 1266 2072 quidem
1280 1996 1365 2054 inter-

196 2135 204 2149 ,
229 2083 337 2163 polatio
358 2082 472 2156 agnosci
493 2081 594 2158 possit,
613 2099 707 2156 neque
731 2087 824 2141 tamen
845 2093 956 2160 semper
973 2081 1063 2160 primo
1088 2081 1201 2158 obtutu,
1225 2080 1292 2156 qnirl
1308 2077 1366 2154 'ge-

230 2166 357 2241 nuinum,
392 2164 460 2238 quid
482 2163 621 2238 glossema
645 2162 689 2220 vel
710 2160 844 2222 scholion'
857 2167 902 2237 sit,
931 2183 1018 2242 quum
1039 2184 1096 2222 non
1131 2164 1219 2222 solum
1250 2163 1366 2221 rariores

230 2254 282 2308 ant
310 2247 484 2308 obscuriores
505 2265 588 2304 voces
609 2247 765 2306 notioribus
788 2249 956 2328 saepiusque
982 2249 1122 2328 usurpatis
1150 2248 1278 2307 illustrari
1299 2245 1365 2304 soli-

230 2338 276 2392 tas
303 2349 373 2404 esse,
407 2331 458 2394 sed
487 2330 571 2387 etiam
602 2332 677 2388 nutis
706 2333 848 2392 vocabulis
883 2333 937 2391 alia
966 2351 1056 2408 aeque
1090 2332 1134 2390 vel
1162 2333 1245 2390 ctiam
1274 2330 1365 2404 minus

230 2420 301 2477 nota
323 2413 453 2474 substitui
473 2420 572 2472 uotum
597 2416 641 2473 sit.
693 2415 784 2474 Multa
811 2416 893 2493 hujus
921 2419 1030 2494 generis
1056 2415 1185 2493 exempla·
1202 2417 1229 2472 in
1258 2414 1367 2472 schedis

230 2500 299 2560 meis
321 2499 438 2560 collecta
465 2499 572 2574 habeo3
603 2518 676 2577 qnae
702 2501 814 2576 quidem
843 2521 937 2578 neque
966 2501 1059 2558 omnia
1088 2499 1142 2556 hnc
1168 2498 1367 2556 transscribere

230 2585 260 2644 in
284 2585 376 2644 animo
398 2588 451 2654 est,
476 2601 568 2658 neque
587 2585 753 2660 transcripta
768 2585 822 2641 hoc
838 2585 953 2642 consilio
969 2581 1134 2662 protuli,'nt
1149 2583 1252 2655 ubique
1270 2599 1366 2638 emen-

196 2680 199 2688 ’
231 2669 378 2726 dationem
398 2665 520 2738 aliquam
543 2683 560 2720 a
581 2683 625 2722 me
643 2667 798 2742 profectam
818 2666 967 2725 lectoribus
985 2665 1149 2727 doctissimis
1170 2664 1365 2744 approbarem?

233 2747 338 2806 sed'nt
362 2747 443 2816 nobis
472 2747 584 2802 omniuo
612 2749 767 2814 accuratius
795 2751 881 2810 codd.
915 2749 981 2808 Mss.
1011 2751 1236 2808 Herodoteorum
1265 2751 1368 2804 natura

232 2835 320 2904 atque
340 2827 436 2887 indole
456 2829 647 2901 considerata,
670 2832 799 2890 tutiorem
824 2833 992 2892 muniremus
1022 2835 1094 2892 viam
1120 2833 1157 2890 ad
1185 2831 1367 2906 corrigendos

234 2930 351 2994 errores.
378 2911 464 2978 Quod
487 2912 623 2970 monitum
649 2915 731 2972 etiam
753 2917 790 2974 de
811 2917 853 2990 iis,
877 2935 951 2994 quae
972 2919 1009 2976 de
1029 2919 1110 2978 tertio
1132 2923 1163 2975 et
1184 2921 1284 2993 quarto
1305 2931 1369 2973 cor-

234 2995 371 3076 ruptionis
393 3011 495 3071 genere
521 2994 657 3070 dicentnr,
679 2998 772 3068 valere
792 2999 882 3059 velim.
1174 3003 1176 3008 ’
1295 2993 1298 2998 ’

319 3079 477 3138 Varietates
496 3078 581 3154 igitur
604 3079 754 3140 lectionum
777 3103 793 3142 e
815 3083 988 3160 glossematis
1013 3101 1046 3140 ac
1071 3083 1180 3140 scholiis
1201 3083 1294 3156 natae,
1315 3079 1369 3138 lrae

234 3168 314 3224 sunt:
349 3163 372 3222 1.
392 3167 428 3221 24
453 3158 511 3222 στίν
531 3165 570 3246 τῇ
598 3169 691 3250 σκευῇ
719 3161 802 3252 κάση
831 3168 936 3244 vulgat.
966 3170 1058 3250 στολῇ
1079 3184 1103 3222 e.
1130 3171 1175 3224 ’11
1200 3159 1370 3226 ἀπολλύναι

222 3248 340 3324 svulgat.
363 3238 536 3308 ἀποκτεῖναι
555 3263 582 3304 e.
601 3243 666 3306 Ald.
699 3245 941 3330 λοάνομάζουσι
961 3245 1037 3323 vulg.
1071 3243 1213 3306 καλέουσι
1243 3245 1309 3308 Alo.
1337 3248 1368 3309 S.

235 3337 270 3392 11
291 3328 420 3411 ἡσυχίην
441 3325 499 3410 εἶχε
519 3329 595 3406 vulg.
614 3323 670 3416 ᾖγε
692 3332 729 3396 R.
755 3333 790 3393 A.
814 3354 838 3396 c.
876 3340 912 3394 23
941 3326 1106 3405 διδάξαντα
1128 3329 1203 3405 vulg.
1230 3329 1371 3405 δείξαντα

235 3415 309 3473 Cod.
329 3433 355 3473 e.
388 3421 421 3476 11
446 3411 547 3476 πάντα
572 3417 756 3498 συγκομίσας
774 3417 814 3476 Μ.
835 3417 872 3475 P.
894 3415 927 3474 F.
951 3433 976 3472 a.
1002 3433 1025 3472 c.
1049 3411 1168 3475 ἅπαντα
1189 3409 1371 3495 συναγαγών
1470 3423 1471 3436 ’

235 3499 267 3561 S.
292 3497 326 3560 P.
352 3497 417 3557 Alo.
448 3503 483 3558 46
504 3495 576 3578 πρὶν
603 3495 751 3580 μεγάλονς
774 3498 917 3582 γενέσθαι
940 3496 1015 3574 vulg.
1041 3492 1176 3578 μεγάλοις
1193 3491 1371 3577 αὐξηθῆναι
1470 3511 1471 3538 ³

234 3581 271 3640 R.
289 3582 390 3659 Steph.
414 3599 503 3658 marg.
527 3576 703 3664 αάξηθῆναι
725 3605 749 3648 c.
776 3589 811 3644 62
839 3579 1028 3661 πορεύεσθαι
1049 3581 1099 3645 ἐπὶ
1119 3579 1154 3644 τό
1177 3577 1251 3644 ἀστν
1272 3580 1312 3640 Μ.
1333 3579 1371 3641 R
1470 3603 1471 3636 ι

235 3663 269 3722 F.
292 3683 317 3722 a.
342 3665 371 3724 b.
396 3683 420 3724 c.
445 3667 474 3728 cl.
508 3664 723 3746 στρατεύεσθαι
741 3663 804 3727 Alo.
827 3687 851 3728 e.
876 3667 964 3746 (Vide
980 3673 1009 3726 et
1029 3667 1144 3726 Variett.
1163 3665 1241 3724 Lect.
1257 3665 1308 3728 tlt
1325 3671 1370 3724 25.
1470 3701 1471 3710 .

235 3747 272 3806 v.
300 3751 343 3806 ιε.
370 3747 432 3807 vll.
455 3753 496 3809 ιο.
520 3750 541 3808 1.
559 3755 603 3810 av.
633 3751 682 3810 lx.
708 3754 750 3823 ιι.
778 3760 820 3812 ro.
847 3749 925 3829 ao.)‘
947 3754 983 3811 7ο
1013 3746 1173 3813 uersatam
1203 3749 1243 3807 11.
1267 3749 1304 3807 Β.
1335 3749 1371 3811 F.

235 3829 320 3889 Eton.
345 3831 379 3893 a.
393 3851 417 3890 c.
440 3826 640 3908 ἀπεληΐσαντο
668 3837 698 3893 S.
726 3841 762 3896 85
786 3832 904 3900 εάεοτοῖ
920 3835 957 3894 Κ.
984 3835 1017 3894 F.
1044 3855 1071 3894 a.
1094 3829 1227 3916 εάθηνίμ
1247 3831 1312 3890 Αλδ.
1336 3833 1371 3895 S.

234 3915 263 3976 b.
286 3934 309 3972 c.
335 3915 364 3973 d.
386 3934 410 3972 e.
435 3918 470 3974 86
492 3912 581 3978 ου’δὲυ
603 3921 665 3979 τῶν
690 3918 723 3982 ἔν
745 3913 939 4002 ἀνθρώποισι
952 3919 1028 3994 vulg.
1054 3912 1147 3981 ον’δὲν
1168 3921 1230 3978 ταῖν
1246 3908 1372 3996 ἀνδρα·

233 3999 334 4061 πίνων
368 3997 403 4056 R.
434 4018 456 4060 c.
501 4003 536 4059 87
568 3995 712 4084 ἐδωρήθη
747 4005 822 4082 vulg.
853 4000 1050 4084 κεχορήγηται
1083 4003 1120 4061 Il.
1162 4005 1199 4062 89
1228 3995 1372 4079 λπιμελίς
1470 3991 1471 4066 s

234 4083 311 4160 vulg.
338 4081 484 4161 ἐπιμελῶς
504 4083 541 4146 Κ.
569 4087 604 4145 λλ
620 4081 675 4147 οάκ
696 4087 835 4169 ἔπειράτο
854 4083 951 4150 ἔπεσίν
973 4088 1047 4162 vulg.
1061 4081 1086 4148 ο.Ι
1108 4107 1130 4149 ε.
1151 4084 1194 4147 ἔτι
1215 4082 1317 4164 μένειν
1340 4085 1369 4142 δ.
1470 4115 1471 4144 ;

177 4251 182 4260 .
211 4173 287 4231 ,118
310 4163 489 4250 ἔν’ἐλαφρῷ
510 4167 586 4245 vulg.
616 4167 753 4249 ἐλαφρῶς
775 4175 805 4231 S.
847 4177 897 4232 136
926 4172 1076 4251 μηδεμίαν
1100 4167 1178 4249 ἀσην
1210 4162 1371 4250 προσβάλη
1470 4187 1471 4244 3

234 4249 271 4312 Κ.
297 4247 331 4308 Ρ.
355 4269 380 4309 a.
410 4273 436 4313 c.
464 4253 615 4330 μηδεμίαν
640 4252 759 4335 βλάβην
788 4257 816 4314 δ.
840 4257 990 4336 μηδεμίαν
1011 4249 1133 4334 βλάβην
1152 4254 1234 4332 ἀηδῆ
1242 4251 1274 4310 S·
1286 4250 1323 4310 V·
1340 4252 1372 4310 b·
1470 4293 1471 4318 ι

233 4335 382 4413 μηδεμίαν
403 4332 482 4416 ἄσην
512 4330 597 4420 ἀηδῆ
622 4337 687 4400 ΑΙδ,
717 4347 746 4399 et
772 4339 870 4422 steph.
911 4343 964 4402 180
990 4334 1044 4414 κάς
1071 4336 1121 4404 ἐπὶ
1148 4333 1202 4400 κάν
1228 4331 1370 4414 ποταμδν
1470 4331 1471 4410 l
