2980 5032
250 337 273 408 η
556 327 601 386 De
627 325 749 390 dialecto
773 327 939 412 Herodotee
959 325 1007 390 iib.
1031 325 1052 384 1.

253 520 314 567 ense
336 497 531 568 Herodotum,
553 495 671 576 eiusque
690 495 795 574 jndicio
816 491 1017 567 aliquis-facilc
1041 492 1081 550 ita
1102 491 1251 567 abutatur,
1277 497 1310 550 nt
1332 509 1402 552 con-

250 585 364 664 tendat,
384 579 595 660 Hermogenem
617 601 652 640 eo
681 580 769 638 maiae
796 577 952 636 condicioni
981 582 1141 636 noseorum
1171 575 1257 650 Mea,
1290 583 1403 644 nostra-

250 685 368 744 rumque
393 665 550 736 editionum
572 665 756 746 patron'nari3
772 678 859 736 quare
879 661 957 721 haud
977 661 1027 718 abs
1044 680 1074 719 re
1091 680 1153 720 esse
1170 662 1279 740 putavi,
1306 667 1398 723 totum

250 754 306 812 buc
328 749 518 828 Hermogenis
539 751 630 812 iocum
652 745 875 824 transsumpsisse
900 742 982 824 (περὶ
1004 745 1095 808 ίδοῶν
1113 745 1151 804 ΙΙ.
1172 765 1195 804 c.
1225 751 1276 820 13,
1297 764 1326 822 p.
1352 749 1404 806 513

251 835 298 896 ed.
331 835 418 914 Cesp-
451 833 605 908 beurene,
630 853 659 910 p.
688 833 741 888 399
762 828 808 886 ed.
830 827 950 906 worm:
966 826 1121 902 Ἑκαταῖος
1143 825 1176 890 δὲ
1197 825 1214 890 δ
1237 823 1404 906 Μιλήσιος,

251 913 323 1002 παρ’
345 911 383 984 οὗ
407 915 447 999 δη
469 917 599 1002 μάλιστα
624 910 777 990 ω’φέληται
798 906 1006 992 έἩρόδοτος,
1030 909 1166 993 καθαρὸς
1188 910 1243 992 μέν
1267 911 1331 975 ίστι
1352 912 1405 974 καὶ

254 999 367 1084 σαφὴς,
388 1003 422 1068 έν
446 1003 480 1068 δέ
500 1021 560 1067 τισι
588 995 642 1072 καί,
665 991 745 1075 ἡδδς
774 988 812 1058 uri
838 997 975 1076 μετρίως·
1005 1001 1044 1080 τῇ
1065 998 1208 1078 διαλέκτῳ
1227 993 1260 1056 δὲ
1277 991 1404 1078 οἷκρότηο

254 1083 321 1154 loide
343 1086 396 1151 καί
418 1081 458 1150 ου’
478 1079 643 1165 μεμιγμένῃ
657 1071 862 1179 χρησάμενος,
886 1071 960 1144 odat
977 1077 1052 1142 uacui
1077 1078 1132 1144 τδν
1147 1075 1315 1160 Ἡρόδοτον
1336 1103 1405 1144 ποι·

253 1174 335 1258 κίλη,
360 1163 554 1251 nitriotem
577 1163 663 1228 ἕνεκα
690 1185 723 1242 γι
745 1167 800 1241 τῆς
825 1162 932 1240 λέξεως
954 1160 1121 1244 ποιητικός.
1139 1164 1191 1228 uni
1207 1163 1231 1244 η’
1249 1163 1406 1244 Ιἐπιμέλεια

254 1253 289 1320 δέ
308 1249 396 1336 αὐτῷ
416 1244 455 1314 ου’
481 1242 619 1326 τοιαύτη,
645 1240 718 1310 ου’δέ
740 1242 846 1326 ὅμοιος
871 1245 887 1310 ὅ
906 1242 1020 1325 κόσμος
1036 1247 1056 1312 δ
1070 1248 1139 1328 περὶ
1157 1243 1266 1328 αὐτην.
1283 1243 1332 1310 διδ
1353 1248 1407 1310 καὶ

254 1347 322 1414 ταῖς
341 1336 467 1415 ἡδοναῖς
490 1331 662 1396 ἐλαττοῦται
686 1335 789 1415 πολλῷ
813 1335 871 1394 ταῶ
891 1327 1064 1412 Ἡροδότου,
1088 1327 1162 1396 uitio?
1184 1329 1269 1394 πάνυ
1291 1337 1405 1415 πολλῷ.

253 1424 447 1494 Hermogenes
474 1436 560 1494 quum
590 1417 676 1492 igitur
697 1423 805 1476 tantum
824 1417 915 1490 absit,
939 1423 970 1475 ut
995 1419 1135 1496 vituperet
1161 1419 1235 1478 iliam
1262 1418 1406 1478 Herodoti

253 1506 417 1572 ποικιλίαν,
439 1506 472 1558 ut
497 1501 584 1562 mutto
601 1506 744 1578 praestare
757 1519 821 1560 ¹earne
833 1519 925 1560 merae
936 1501 1001 1560 Jadi
1014 1503 1149 1562 Hecataei
1160 1503 1332 1576 contendat,
1354 1503 1406 1560 mi·

254 1588 329 1648 nime
350 1591 474 1646 nostram
497 1591 657 1645 nostrorum
680 1585 749 1644 Mss.
776 1587 942 1662 scripturam
964 1592 1051 1662 atque
1067 1587 1231 1649 varietatem
1261 1587 1407 1644 ista’seu-

254 1671 344 1730 tentia
366 1669 547 1728 confirmasse
574 1669 729 1728 censendus
755 1673 815 1741 est,
845 1671 897 1728 sed
916 1670 998 1728 aliam
1021 1671 1189 1729 intellexisse
1225 1670 1407 1744 varietatem,

255 1773 341 1832 quam
366 1755 427 1832 ipsc
453 1753 506 1810 alio
528 1753 590 1810 loco
617 1751 667 1828 (ΙΙ.
690 1772 714 1818 c.
739 1757 768 1825 4,
791 1772 820 1831 p.
842 1758 895 1813 405
916 1753 974 1832 sq.)
1000 1755 1140 1814 indicavit.
1163 1755 1205 1812 lbi
1224 1756 1297 1812 enim
1316 1772 1405 1828 quum

256 1839 294 1900 de
315 1835 522 1904 dulcidicendi
544 1854 647 1912 genere
672 1837 858 1916 disputasset,
887 1845 917 1896 et
944 1839 1077 1919 imprimis
1104 1839 1245 1900 Herodoti
1277 1837 1406 1898 dulcedi-

256 1942 321 1984 nem
345 1920 474 1980 laudibus
497 1921 650 1992 extutisset,
670 1921 710 1978 ita
730 1923 835 2002 pergit:
862 1920 982 1988 ἐκεῖθεν
1005 1920 1040 1983 δέ
1063 1918 1191 2024 politura
1210 1923 1322 2002 διαρκῆ
1341 1921 1407 1998 ἔσχε

256 2001 444 2089 (Ἡρόδοτος)
469 1999 526 2082 τη“ν
553 1997 738 2084 γλυκύτητα,
761 1999 806 2068 δτι
832 2005 883 2066 καί
910 2001 1007 2080 αὐτὴν
1036 2003 1135 2079 eadric
1161 2003 1219 2083 τὴν
1246 2001 1406 2068 διάλεκτον

256 2092 423 2168 ποιητικῶς
448 2088 603 2169 προείλετο
631 2089 735 2150 εἰπεῖν.
761 2085 784 2166 q‘
804 2085 862 2168 yuip
886 2083 942 2162 Ἰδς
957 2081 1034 2152 οὖσα
1051 2085 1192 2168 ποιητική
1212 2085 1306 2164 φύσει
1323 2087 1406 2152 ἐστὶν

256 2172 356 2255 ἡδεῖα.
379 2169 408 2232 εί
429 2168 462 2233 δὲ
483 2171 536 2232 καί
557 2169 656 2236 ἄλλων
678 2171 841 2234 διαλέκτων
857 2167 1005 2252 ἐχρήσατό
1029 2169 1219 2256 (Ἡρόδοτος)
1240 2193 1301 2234 τισι
1324 2171 1407 2246 λέξε-

217 2279 222 2283 ·
258 2247 439 2336 campariciis
459 2259 558 2320 τοῦτο.
586 2254 653 2318 tusi
679 2253 732 2318 καί
752 2251 889 2335 Ὅμηρος
913 2257 965 2318 καὶ
992 2256 1130 2331 Ἡσίοδος
1156 2253 1320 2324 reciditur
1349 2251 1406 2318 oria

258 2336 353 2422 ὀλίγον
374 2345 436 2402 τῶν
457 2344 593 2418 ποιητῶν
625 2333 789 2418 ἐχρήσαντο
819 2339 875 2418 μέν
893 2341 945 2402 καί
976 2339 1082 2416 ditiore
1113 2341 1174 2404 τισί
1201 2341 1315 2415 λέξεσιν
1344 2339 1407 2401 ἑτέ-

258 2447 321 2500 ρων
344 2422 516 2497 διαλέκτων,
541 2419 737 2486 admisissem
761 2419 824 2502 μὴν
846 2419 974 2498 λα’ζουσί.
996 2426 1056 2499 (De
1072 2427 1183 2504 poetica
1199 2427 1323 2488 dictione
1339 2426 1406 2484 vide

258 2509 406 2583 11.e.11,
438 2528 467 2588 p.
495 2509 571 2583 509.)
602 2508 716 2569 Bachm.
745 2505 852 2568 Aneod.
889 2509 924 2568 it.
951 2529 980 2586 p.
1011 2514 1079 2572 367:
1114 2506 1149 2581 δς
1177 2503 1405 2589 (Ἱπποκράτης)

258 2585 381 2672 οἶκριίτηο
392 2595 430 2677 τῇ
440 2586 513 2654 'Iride
523 2595 638 2672 χρῆται·
651 2591 671 2656 δ
685 2585 908 2670 γοδρῊρέδοτος
923 2595 1080 2668 συμμίσγει
1096 2588 1193 2670 αὐτην
1204 2597 1242 2676 τῇ
1252 2597 1406 2672 ποιητικῇ.

258 2675 369 2737 Eadem
380 2677 408 2734 in
420 2677 567 2752 Excerptis
579 2693 595 2732 e
606 2675 679 2732 Cod.
690 2673 777 2735 Paris.
795 2693 824 2750 p.
842 2677 894 2733 679
913 2675 996 2750 (post
1018 2675 1105 2753 Greg.
1125 2676 1191 2736 Cor.
1209 2677 1256 2734 ed.
1276 2677 1406 2749 Sohuef.)

257 2761 406 2838 leguntur:
437 2753 539 2838 o‘yoip'
553 2751 715 2834 Ἡρόδοτος
736 2756 896 2836 συμμίσγει
917 2751 1016 2836 κοίτην
1041 2763 1080 2840 τῇ
1107 2764 1260 2842 ποιητικῇ.
1310 2761 1407 2822 Hero-

260 2845 346 2903 dotus
368 2842 453 2918 igitur
477 2858 535 2900 non
558 2841 686 2898 omnibus
708 2840 737 2896 in
754 2840 896 2900 vocabulis
913 2861 987 2900 nora
1003 2842 1102 2903 Jouioa
1120 2844 1241 2902 dialecto
1258 2848 1302 2902 est
1329 2861 1408 2916 usus,

260 2929 311 2986 sed
334 2924 474 2986 nonnullis
496 2925 524 2981 in
546 2924 661 2982 vocibus
684 2924 878 2996 Homericam,
908 2926 1078 3001 omninoque
1099 2929 1255 3006 poeticam,
1280 2928 1309 2984 in
1335 2946 1407 2988 nun·

259 3010 342 3070 nullis
361 3007 480 3066 Atticam
502 3007 623 3084 admisit,
645 3009 696 3064 scd
719 3027 776 3066 non
799 3009 839 3066 ita
860 3010 981 3084 admisit,
1004 3017 1036 3068 ut
1063 3031 1149 3070 unum
1169 3013 1302 3087 idemque
1321 3029 1409 3068 voca-

260 3094 357 3152 bulum
383 3093 469 3150 modo
491 3091 648 3150 secuudum
666 3090 808 3163 Jonioam,
831 3095 917 3152 modo
944 3094 1137 3167 Homericam,
1169 3095 1255 3152 modo
1282 3092 1408 3153 Atticam

261 3177 412 3238 dialectum
434 3175 583 3246 formarem
606 3193 691 3252 quam
712 3176 846 3236 sermonis
872 3177 988 3239 formam
1005 3177 1187 3254 ¹grammatici
1212 3179 1305 3252 maeri
1330 3197 1407 3236 corn·

260 3279 373 3321 munem
398 3259 492 3338 potius
514 3259 704 3320 nominassent
725 3257 874 3318 dialectum
899 3261 954 3335 (cf.
977 3261 1025 3320 Gf.
1051 3262 1148 3324 Herm.
1175 3263 1244 3323 (iias.
1274 3263 1311 3322 de
1340 3260 1408 3320 diei.

260 3343 385 3416 Pindari,
409 3343 513 3418 Opusc.
538 3341 560 3400 1.
586 3361 615 3418 p.
637 3348 690 3403 246
712 3362 754 3420 sq.
781 3348 809 3402 et
830 3343 923 3408 Praef.
939 3345 1026 3420 Greg.
1049 3346 1115 3405 Cor.
1139 3346 1167 3402 d.
1187 3346 1251 3407 dial.
1271 3347 1408 3420 graecis),

262 3423 313 3484 sed
335 3428 391 3496 ita,
416 3431 449 3484 nt
469 3426 690 3502 unumquodque
713 3427 880 3489 vocabulum
901 3435 1080 3501 constanter,
1113 3429 1165 3488 nisi
1195 3435 1288 3489 certae
1318 3430 1407 3506 ipsius

261 3510 375 3586 linguae
396 3510 473 3586 leges
495 3510 736 3587 contradicerent,
761 3529 845 3573 unam
867 3517 976 3572 tautum
995 3531 1116 3589 eamque
1135 3514 1250 3591 proprie
1269 3511 1407 3570 Herodo-

262 3599 339 3656 team
360 3594 508 3673 praeberet
525 3595 654 3672 speciem.
699 3595 796 3662 Quare
816 3595 882 3655 mibi
909 3615 967 3656 non
992 3597 1068 3658 omni
1089 3615 1124 3656 ex
1153 3601 1236 3674 parta
1260 3613 1409 3673 compara·

263 3677 303 3734 tio
321 3677 369 3734 iiie
392 3678 428 3736 ab
456 3677 636 3753 Hermogene
665 3679 793 3739 instituta
818 3684 886 3756 apta
913 3699 975 3738 esse
1003 3681 1133 3751 videtur3
1162 3679 1303 3737 Homerus
1334 3681 1407 3737 enirn

195 3760 200 3770 ’
263 3766 293 3819 et
309 3760 462 3836 Hesiodus,
478 3762 554 3838 vepici
573 3765 685 3840 poetae,
704 3781 761 3820 non
778 3768 939 3826 constanter
957 3763 1010 3822 hac
1024 3764 1068 3822 vei
1085 3763 1131 3822 iiia
1149 3763 1297 3821 verborum
1315 3762 1408 3820 forma

262 3844 306 3901 nsi
327 3851 402 3914 suar,
426 3845 476 3902 sed
497 3845 577 3904 metri
602 3845 710 3919 iegibus
732 3845 820 3904 muita
840 3865 903 3904 cum
925 3846 1034 3905 licentia
1063 3847 1188 3905 obsecuti
1211 3847 1327 3906 multam
1350 3848 1408 3904 for-

262 3945 371 3988 marum
392 3930 421 3987 in
449 3945 507 3987 nno
531 3930 687 4004 eodemque
708 3929 793 3988 verbo
817 3932 1023 4006 verborumque
1045 3949 1149 4006 genere
1162 3931 1327 3991 varietatem
1349 3927 1410 3988 sine

262 4011 320 4070 ullo
342 4013 546 4074 inconstantiae
568 4011 680 4072 crimine
704 4013 884 4076 admiserunt.
917 4011 1019 4088 Neque
1044 4019 1137 4074 tamen
1155 4015 1229 4072 idem
1246 4013 1408 4088 Herodoto,

262 4114 347 4174 prosa
375 4099 503 4158 oratione
528 4115 589 4168 uuo,
614 4095 699 4156 licuit
721 4097 835 4166 Verum,
856 4099 880 4156 si
897 4098 1092 4173 Hermogenes
1107 4097 1409 4177 illosartiticioaaora·

261 4180 345 4242 tionis
363 4183 453 4242 torma
467 4181 591 4259 insignes
602 4187 731 4240 auctores
741 4182 769 4239 in
786 4199 842 4240 una
855 4183 1064 4260 comparatione
1079 4183 1234 4260 conjungit,
1250 4181 1296 4252 id,
1312 4182 1410 4259 credo,

261 4263 300 4320 sic
325 4268 516 4348 accipiendum
539 4273 592 4338 est,
610 4271 643 4324 ut
665 4263 840 4336 Herodotus,
876 4267 1002 4342 quamvis
1034 4265 1122 4324 muita
1150 4266 1236 4326 verba
1257 4283 1315 4325 non
1341 4283 1410 4342 pro·

259 4346 320 4428 prio
340 4353 377 4418 ad
399 4360 542 4422 recentem
569 4343 666 4414 ladem
687 4349 856 4432 pertinentia
878 4349 1004 4440 elegerit,
1030 4365 1065 4414 ea
1090 4353 1185 4414 tamen
1204 4349 1305 4417 eodem
1323 4349 1411 4414 modo
