2984 5042
239 311 261 370 4
544 305 589 365 lte
611 305 733 364 dialecto
758 303 921 362 Herodolea
948 303 992 360 lib.
1017 301 1037 360 l.
1098 300 1104 322 ¹

247 496 282 538 ex
307 471 508 534 vetustioribus
530 469 636 544 graecis
659 469 845 542 gramnratic's
868 468 967 525 hausta
995 469 1022 524 in
1053 485 1131 525 risum
1159 485 1240 524 surrm
1270 482 1387 522 conver·

247 566 358 629 terant,
387 554 507 612 deminui
533 553 631 622 velim,
657 552 700 608 rel
722 553 751 610 id
775 555 942 610 documento
969 572 1031 608 esse
1054 560 1166 628 potest,
1190 550 1266 624 qnod
1290 566 1387 606 eorum
1469 621 1470 628 ἵ

249 641 408 716 nonnullos,
429 638 560 714 imprimis
579 635 707 693 Lascaris
733 642 761 693 et
782 637 889 709 Gazae,
911 639 947 694 ad
970 638 1127 694 historicam
1150 651 1267 710 graecae
1293 650 1388 706 gram·
1468 631 1470 662 ³

248 728 366 786 maticae
387 722 572 797 cognitionem
598 719 715 777 maxime
737 720 918 792 necessarios,
941 715 1042 796 dignos
1058 739 1120 777 esse
1136 737 1247 794 censeo,
1270 733 1390 792 quorum

249 812 332 870 etiarn
354 813 451 864 nostro
477 813 604 882 tempore
628 823 719 860 novae
741 811 872 880 parentur
897 805 1040 862 editiones.
1084 802 1158 860 Nam
1186 802 1269 858 etiam
1292 808 1391 856 nostra

250 899 353 962 aetate,
382 907 551 964 quamquam
572 889 600 943 in
622 888 683 962 ipsa
704 888 884 962 grammatica
911 889 1128 966 pervestiganda
1143 886 1235 944 eximii
1252 884 1301 940 riri
1320 882 1392 940 rnul-
1470 923 1471 946 2

251 986 309 1047 tam
327 975 385 1051 jam
406 979 559 1051 posuerunt
581 987 704 1045 operam,
726 990 845 1047 maguus
866 971 948 1047 hujus
971 973 1008 1030 rei
1022 972 1118 1046 judex,
1135 970 1182 1026 Gf.
1202 969 1393 1038 Hermaunus,

251 1061 371 1120 inaximo
394 1057 422 1114 in
450 1075 544 1114 errore
567 1055 711 1111 contendit
739 1073 788 1112 eos
815 1058 930 1128 versari,
965 1057 1012 1130 qui
1047 1055 1091 1111 vel
1121 1055 1301 1111 fundamenta
1328 1068 1394 1108 esse

250 1145 326 1220 jacta
348 1158 465 1217 graecae
487 1137 683 1215 grammaticae
705 1141 821 1198 credant
841 1141 890 1212 (cf.
913 1139 1027 1197 Dissert.
1046 1141 1082 1195 de
1099 1137 1171 1214 ellip.
1190 1145 1219 1196 et
1236 1137 1396 1212 pleonasm.¹
1471 1159 1472 1212 r

253 1231 280 1286 in
304 1244 395 1308 graec.
417 1224 483 1296 ling.
511 1220 645 1296 Opuscul.
674 1222 691 1278 Ι.
716 1242 742 1298 p.
760 1225 845 1298 ast).

339 1307 428 1366 Aldus
450 1324 516 1363 vero
537 1304 678 1364 Manutius
698 1313 726 1362 et
745 1309 772 1378 ii,
793 1323 827 1368 er
845 1306 944 1382 (pribus
961 1302 1110 1362 Academia
1122 1303 1181 1379 ejus
1193 1301 1341 1360 constabat
1351 1301 1395 1376 *),

255 1392 347 1453 multis
369 1388 571 1466 exemplaribus
597 1391 746 1465 castigatas
769 1390 821 1465 (ut
845 1391 904 1467 ipse
934 1389 1021 1446 Aldus
1048 1390 1087 1445 ait
1108 1389 1134 1444 in
1157 1388 1331 1464 praefatione
1355 1386 1396 1442 ad
1472 1395 1473 1464 J

257 1474 454 1552 Calpurnium)
478 1474 616 1531 Herodoti
649 1474 743 1532 illusas
775 1495 849 1532 anno
881 1481 947 1533 1502
976 1475 1004 1530 in
1031 1473 1120 1529 lacem
1148 1473 1314 1541 emiserunt;
1345 1469 1397 1544 qui
1472 1507 1473 1542 ,

256 1561 305 1617 viri
327 1557 478 1615 doctissimi
497 1563 525 1614 et
549 1559 729 1616 strenuissimi
752 1559 795 1616 vel
822 1561 860 1616 sic
882 1559 962 1616 nobis
984 1557 1150 1614 satisfecisse
1168 1555 1298 1612 censendi
1316 1558 1397 1623 sumt,

256 1645 279 1701 si
304 1643 455 1700 editionem
475 1660 552 1698 suam
575 1659 591 1695 a
613 1648 670 1700 tam
693 1643 783 1700 foedis
808 1652 837 1704 et
858 1641 1006 1699 innumeris
1038 1641 1126 1712 vitiis,
1149 1658 1222 1714 quae
1246 1637 1399 1695 incredibi-

256 1725 292 1784 lis
318 1725 425 1782 inscitia
453 1734 482 1783 et
509 1725 609 1781 inertia
636 1725 805 1784 librariorum
834 1726 926 1783 seculo
954 1723 1030 1782 Xlll.
1060 1725 1233 1802 potissimum
1261 1727 1290 1780 et
1317 1719 1398 1778 ΧΝ.

258 1809 310 1885 (cf.
332 1807 416 1866 Heer.
437 1807 455 1866 l.
483 1807 501 1865 l.
528 1807 547 1863 l.
575 1808 602 1884 p.'
624 1815 676 1868 303
702 1813 762 1884 sq.)
792 1811 998 1878 commiserant,
1027 1815 1058 1865 ut
1089 1809 1201 1865 liberam
1232 1805 1400 1882 redderent,
1473 1823 1474 1846 ÷

257 1893 434 1952 studuerunt.
471 1890 574 1948 'Artem
598 1895 669 1950 enim
693 1897 814 1952 criticam
837 1913 928 1968 neque
952 1893 1109 1949 historicam
1133 1909 1225 1964 neque
1256 1905 1399 1966 gramma-

257 1979 341 2037 ticam
367 1983 433 2034 tunc
462 1977 538 2033 docti
563 1977 613 2032 viri
636 1976 751 2036 multam
774 1985 823 2034 ant
844 1979 958 2033 feliciter
984 1982 1180 2042 exercuerunt3
1202 1991 1293 2050 neque
1319 1969 1400 2030 rale-

258 2062 329 2120 bant
360 2061 473 2135 quidem
506 2079 568 2118 eam
596 2067 719 2120 tractare
729 2063 783 2138 **).
839 2061 898 2117 Sed
925 2077 1010 2132 quum
1043 2059 1080 2115 illi
1111 2051 1230 2115 Aldinae
1256 2057 1400 2125 editionis,

259 2143 422 2222 plerumque
446 2161 508 2198 cnm
526 2143 618 2201 Corld.
635 2145 735 2202 Pariss.
762 2145 970 2216 consentientis,
998 2143 1119 2199 editores
1137 2143 1280 2212 vidissent,
1303 2139 1399 2198 Hero-

260 2227 359 2284 dotum
380 2241 508 2282 sermone
530 2245 608 2283 usum
633 2246 694 2284 esse
719 2227 837 2298 Jouico,
866 2226 944 2302 cujus
971 2227 1079 2286 dialecti
1103 2232 1213 2304 praeter
1238 2226 1314 2304 ipsas
1335 2223 1399 2282 He-

260 2310 354 2368 rodoti
375 2310 504 2366 historias
523 2318 552 2367 et
573 2311 621 2385 qni
639 2311 691 2367 sub
713 2312 851 2382 Herodoti
872 2311 995 2368 nomine
1027 2311 1114 2370 fertur
1143 2310 1240 2368 librum
1274 2309 1310 2366 de
1338 2309 1401 2364 vita

259 2391 391 2466 Homeri,
420 2393 568 2450 Homerica
597 2395 717 2452 carmina
742 2388 915 2473 potissimum
949 2396 977 2452 in
1005 2395 1085 2452 ltalia
1112 2402 1180 2452 tunc
1209 2395 1400 2468 innotuerant,
1469 2435 1470 2438 ,

259 2495 317 2536 non
345 2477 412 2534 satis
432 2485 560 2536 accurate
585 2479 770 2538 distinxerunt
792 2480 864 2538 inter
883 2479 1025 2537 Jonismos
1042 2480 1222 2536 Herodoteos
1240 2484 1268 2533 et
1290 2475 1401 2532 Home·
1469 2483 1471 2521 ἐ

260 2562 342 2633 ticos,
373 2561 546 2636 quinimmo
575 2564 723 2640 aliquoties
754 2565 836 2622 etiam
863 2571 961 2622 contra
992 2563 1057 2620 Mes.
1086 2565 1282 2620 anctoritatem
1308 2577 1399 2616 noras

259 2645 368 2704 lonicas
389 2647 494 2702 formas
516 2653 614 2701 nostro
635 2649 761 2720 scriptori
783 2647 934 2702 obtrusisse
955 2645 1164 2722 videntur***).
1208 2645 1254 2700 Sic
1278 2643 1400 2699 eandem

261 2730 320 2784 fere
341 2728 504 2783 varietatem
520 2733 724 2802 expresserunt,
748 2747 831 2801 qrram
859 2728 886 2785 in
912 2729 986 2786 libris
1009 2729 1076 2787 lllss.
1094 2731 1220 2788 obtinere
1236 2729 1399 2785 notumest.
1474 2773 1475 2783 r

259 2809 343 2874 Quae
369 2826 413 2865 res
435 2825 520 2880 quum
546 2811 667 2882 quadam
689 2829 722 2868 ex
747 2818 826 2888 parte
848 2813 936 2888 prima
958 2815 984 2871 in
1008 2805 1139 2893 editione,
1161 2815 1250 2892 primo
1274 2811 1303 2868 in
1325 2807 1401 2888 peri-

260 2889 323 2948 culo
345 2889 485 2962 faciendo,
506 2893 669 2968 scriptorem
691 2894 810 2971 cujusvis
829 2898 938 2971 generis
955 2899 1026 2956 vitiis
1047 2898 1283 2975 corruptissimum
1304 2911 1401 2950 emen-

199 3003 208 3011 ·
262 2973 567 3049 datioremreddendi,
589 2981 712 3036 excusari
733 2981 832 3058 possit,
854 2982 928 3038 idem
950 2988 1042 3040 tamen
1064 2983 1160 3037 vitium
1190 2979 1318 3036 omnibus
1351 2995 1401 3034 us·
1476 2969 1477 2984 ¹

262 3076 318 3133 que
346 3059 383 3113 ad
406 3056 480 3112 hunc
503 3059 574 3116 diem
598 3063 766 3122 editionibus
792 3066 853 3142 plus
876 3067 965 3124 minus
994 3063 1144 3120 adhaerere
1172 3061 1257 3115 cuivis
1286 3076 1402 3117 accura-

262 3143 317 3232 tius
339 3159 387 3197 eas
405 3140 559 3216 inspicienti
583 3146 663 3202 facile
686 3149 800 3225 patebit.
845 3147 883 3205 Et
907 3149 1046 3226 profecto,
1069 3144 1092 3198 si
1117 3159 1191 3199 nrrnc
1215 3138 1399 3217 Thucydides

261 3224 308 3282 ille
336 3223 500 3284 adolescens
528 3245 562 3284 ex
590 3232 692 3287 nostris
719 3227 920 3308 exemplaribus
950 3228 1094 3304 cujusdam
1123 3225 1280 3284 Herodotei
1306 3227 1400 3304 operis

262 3307 349 3386 partis
376 3309 565 3386 recitationem
590 3311 713 3386 addicet,
743 3315 766 3372 si
795 3330 891 3371 revera
914 3303 983 3369 'tunc
1011 3309 1117 3366 arrdivit
1147 3307 1204 3383 (cf.
1227 3307 1341 3388 Heyse,
1363 3312 1401 3368 de

253 3391 371 3449 'Herod
396 3391 461 3450 Vita
484 3400 512 3450 et
533 3395 651 3454 ltinerib.
679 3417 705 3476 p.
729 3403 762 3456 23
787 3398 877 3471 squ),
901 3413 959 3452 non
980 3394 1103 3468 gaudio,
1134 3395 1234 3468 credo,
1260 3413 1314 3453 nec
1340 3393 1400 3452 lae·

261 3475 334 3552 titia,
356 3475 405 3532 sed
433 3475 530 3535 dolore
552 3479 576 3536 ei
597 3479 725 3538 lacrimae
753 3481 906 3552 manarent.
1142 3481 1156 3513 ⁸

253 3581 256 3588 ⁴
347 3556 425 3616 Nolo
450 3567 577 3636 repetere
600 3563 748 3638 quaejam
775 3565 822 3619 din
843 3562 889 3618 alii
910 3561 947 3618 de
974 3559 1089 3636 singulis
1116 3559 1284 3618 editionibus
1315 3565 1401 3634 recte,

263 3645 295 3699 ut
313 3647 393 3718 puto,
412 3641 572 3715 judicarunt
607 3649 657 3718 (cf.
680 3647 811 3704 Praefatt.
842 3643 1008 3722 Wesseling.
1032 3653 1061 3702 et
1082 3643 1265 3722 Schweigb.),
1286 3645 1323 3702 de
1345 3646 1402 3701 sin·

262 3726 335 3800 gulis
358 3723 504 3784 virtutibus
526 3729 758 3806 Stephanicarum
781 3730 949 3801 editionum;
970 3732 1006 3787 de
1033 3731 1153 3802 meritis,
1178 3729 1291 3806 stupida
1309 3727 1401 3788 Medi-

263 3807 305 3866 cei
330 3807 391 3866 libri
413 3813 592 3870 veneratione
615 3819 644 3872 et
664 3813 764 3890 iniquis
791 3814 1045 3894 vituperationibus
1066 3813 1217 3886 Gronorii3
1247 3813 1283 3870 de
1306 3812 1402 3872 anxie-

331 3987 540 4122 :RJCngfieren
559 3992 616 4112 Ἥ.
634 3993 750 4115 lllli'p.
767 3993 811 4062 96,
828 3995 880 4050 294
896 4015 937 4066 sq.

331 4125 383 4188 W)
404 4097 446 4179 c'f.
467 4076 708 4196 sbhdltddsuda
721 4063 849 4188 Ppffl,
868 4065 950 4191 {9⁵ss
984 4129 1026 4184 De
1048 4129 1124 4184 simili
1148 4105 1260 4202 quedam
1281 4127 1400 4192 licentis,

264 4205 341 4258 quarn
360 4191 441 4244 Aldus
460 4193 485 4245 in
505 4195 656 4262 vulgaribus
678 4199 767 4254 foratis
793 4201 819 4256 in
848 4197 1033 4258 Theocriteum
1056 4205 1155 4252 textum
1177 4197 1328 4252 inducendis
1350 4197 1402 4250 sibi

254 4255 381 4340 indulsit,
407 4261 497 4344 confer
516 4261 689 4318 dluehlmenni
708 4267 780 4334 leges
799 4267 918 4335 dialecti,
941 4284 993 4342 qus
1011 4267 1142 4324 Graecor.
1166 4275 1260 4338 poetae
1287 4263 1400 4320 bucolici

261 4341 302 4427 pst
316 4335 378 4383 unt
397 4328 481 4401 (laps.
505 4329 582 4400 1838)
599 4349 625 4404 p.
645 4333 661 4388 6
679 4342 706 4388 et
727 4335 770 4392 57.
