3014 5042
216 317 278 382 128
529 317 575 380 De
595 320 718 380 rlialecto
738 318 906 379 Herodotea
926 318 974 381 lib.
996 315 1035 382 II.

212 496 292 566 ptum
314 440 405 548 exstat
425 480 466 549 δι’
489 481 637 566 οἰιλοίηνς
658 492 689 545 et
709 486 786 564 apud
807 485 1086 559 Ηοιο.,11.1Χ,352
1107 477 1127 562 ἦ
1149 477 1284 564 reinboto·
1294 484 1348 567 (cf.

212 574 294 634 Suid.
310 565 464 648 ειίιιλοίην.
481 568 635 642 εὔπλοιαν)
658 576 687 628 et
704 571 818 648 poetice
839 565 949 648 διιλοΐη
972 571 1049 648 apud
1063 569 1228 628 Callimach-
1243 571 1348 646 Hymn.

211 659 240 714 in
262 657 369 715 Artem.
394 661 448 714 230
476 647 640 732 (οίιιλοὶης).
683 653 787 729 Neque
815 654 890 711 enim
917 655 1100 712 statuendum
1129 674 1194 712 esse
1222 655 1347 732 videtur,

210 739 391 800 Herodotum
404 741 443 796 'ex
456 740 615 797 Atticismo
624 739 757 814 quodam,
776 755 868 814 eoque
889 739 977 796 arctis
998 738 1101 797 finibus
1121 739 1347 816 circumscripto,

168 815 176 821 ”
210 845 244 883 ac
271 825 387 901 saepius
413 841 431 879 a
457 823 602 881 veteribus
631 823 823 898 grammaticis
851 828 952 880 notato
980 821 1031 900 (cf.
1053 823 1163 880 Buttm.
1191 843 1236 897 gr.
1257 841 1301 898 gr.
1323 823 1346 895 1,

208 929 239 988 p.
258 912 309 966 143
326 907 398 965 Not.
414 906 460 983 11)
482 907 637 965 retraxisse
657 907 712 963 hoc
732 907 761 962 in
781 903 918 964 vocabulo
942 914 1098 980 accentum.
1117 911 1161 950 -ἐ-
1178 905 1275 965 ’Etiam
1297 899 1346 968 eri-

111 1004 113 1007 '
209 989 312 1070 μίνεια
334 991 371 1051 ll.
386 996 421 1049 45
439 990 511 1067 (duo
526 991 609 1051 codd.
633 984 769 1068 ariperto)
788 989 818 1046 iu
840 980 993 1068 ειίμενείη,
1014 996 1043 1049 et
1065 986 1172 1052 δίδειαν
1196 991 1230 1051 ll.
1249 996 1345 1066 121,6

208 1078 237 1133 in
260 1070 384 1154 οίδείηνς
405 1073 571 1150 ίιιιμίλειαν
588 1073 635 1133 Vl.
650 1080 701 1134 105
721 1074 751 1130 in
772 1072 953 1152 ἐπιμελείην.
997 1075 1057 1131 Sed
1076 1073 1190 1148 vulgata
1210 1069 1345 1155 περιφά-

207 1182 274 1222 νεια
294 1159 341 1219 IV.
364 1163 400 1218 24
421 1166 459 1234 =et
480 1158 636 1236 ἐμμέλειαν
655 1158 709 1222 vl.
724 1160 794 1231 129,
823 1175 993 1235 quamquam
1015 1159 1090 1216 haud
1113 1158 1199 1216 dubie
1219 1177 1237 1216 a
1259 1181 1342 1237 ιιερι-

207 1238 310 1321 φανής
331 1248 360 1301 et
383 1236 506 1321 ἐμμελής
528 1242 616 1321 (Plat.
643 1242 671 1299 Τ
672 1243 767 1303 heaet.
787 1261 815 1317 p.
840 1245 892 1300 174
911 1237 962 1318 Α.)
987 1243 1162 1314 derivanda,
1185 1259 1243 1300 non
1264 1243 1344 1300 solli·

208 1329 322 1386 citanda
345 1346 409 1384 esse
430 1346 556 1399 censeo,
578 1345 664 1403 quum
685 1327 763 1382 etin
784 1324 914 1391 Platonis
936 1325 1030 1403 Legg.
1052 1326 1116 1390 VII.
1129 1330 1181 1385 816
1202 1325 1236 1382 Β.
1255 1324 1343 1405 ἐμμί-

206 1416 289 1472 λειαν
315 1409 450 1487 sc'riptum
474 1416 566 1468 exstet
587 1429 643 1468 non
667 1407 858 1487 ίμμελείαν.’

292 1493 426 1552 Ceterum
451 1513 586 1571 compara
605 1491 725 1555 Lucian.
748 1494 784 1550 de
807 1494 862 1552 dea
880 1493 944 1569 Syr.
964 1491 1024 1570 (ed.
1046 1489 1202 1569 Jacobitz.)
1220 1493 1340 1575 ἐπινοίη

206 1598 270 1656 cap.
291 1582 333 1641 17.
357 1576 479 1654 ἐννοίην
493 1585 519 1641 2.
542 1570 650 1658 οίγνοίη
666 1583 711 1636 22.
737 1577 957 1658 φρενοβλαβείη
980 1581 1024 1636 18.
1045 1577 1082 1634 de
1100 1576 1250 1656 Astrolog.
1275 1583 1341 1642 δια-

205 1665 276 1740 νοίη
290 1668 325 1721 10
348 1669 376 1720 et
394 1663 533 1739 διανοίην
549 1669 596 1722 20.
618 1657 768 1741 ἀπορροίη
791 1668 822 1719 et
843 1661 933 1740 δοίην
954 1665 997 1723 29.
1026 1693 1062 1703 -
1088 1661 1153 1720 Huc
1174 1664 1259 1722 etiam
1274 1685 1340 1742 per·

204 1747 277 1804 tinet
297 1764 400 1803 nomen
415 1746 497 1824 ἱρείη
519 1743 682 1820 (sacerdos)
704 1745 797 1821 quod,
818 1764 988 1822 quamquam
1009 1743 1045 1802 ab
1067 1739 1151 1826 ἱρειίς
1172 1749 1338 1827 derivatum,

203 1830 356 1889 tamenab
378 1830 584 1906 antiquioribus
604 1828 707 1895 Atticis
729 1829 808 1908 ἱρείᾶ
827 1837 1038 1904 paroxytonon‚
1060 1844 1078 1878 α
1100 1832 1248 1907 producta,
1269 1853 1339 1910 pro-

145 1911 154 1914 *
203 1915 362 1972 nuntiatum
390 1931 454 1972 esse
478 1933 554 1971 nunc
575 1913 634 1972 iere
654 1917 777 1971 constat.
822 1913 894 1970 Vide
912 1915 986 1971 enim
1009 1913 1116 1970 Buttm.
1137 1935 1180 1990 gr.
1203 1935 1246 1992 gr.
1265 1915 1288 1990 l,
1310 1937 1339 1994 p.

203 2003 256 2056 140
272 1998 344 2057 Not.
373 1998 419 2072 Il,
440 2018 468 2075 p.
490 2002 542 2056 426
564 2017 608 2073 sq.
631 1997 735 2056 Matth.
757 2017 800 2072 gr.
823 2016 866 2072 gr.
889 1997 920 2073 1,
942 2018 972 2075 p.
995 2003 1046 2056 184
1067 1997 1129 2073 (ed.
1148 1999 1241 2076 tert).
1289 2002 1337 2059 Sic

160 2072 166 2076 ’
203 2081 279 2156 apud
306 2080 448 2140 Herodot.
478 2082 502 2139 1.
524 2085 574 2140 175
592 2079 615 2159 η’
632 2081 711 2156 ἱρείη
739 2075 849 2153 eistat,
881 2087 911 2138 et
938 2082 972 2141 V.
996 2084 1039 2144 72.
1065 2082 1142 2139 VIII.
1164 2088 1233 2153 1043
1262 2085 1337 2145 unde

201 2168 283 2240 patet
314 2163 349 2222 ll.
376 2168 411 2221 53
437 2183 489 2239 pro
515 2165 631 2239 vulgato
652 2165 744 2242 ίρειαι
775 2162 823 2241 (αί
847 2165 1027 2236 Δωδωνίδες
1049 2165 1139 2244 ἱρειαι
1166 2166 1216 2250 vel
1240 2164 1344 2250 toritas

202 2246 268 2302 Gsf.
297 2246 401 2324 ἱέρειαι
420 2245 469 2328 F.)
493 2248 580 2327 ἱρεῖαι
609 2247 813 2324 reponendum
827 2246 932 2323 fuisse,
960 2255 1081 2326 ut'cap.
1103 2257 1137 2308 55
1165 2250 1254 2329 ἱρεῖαι
1284 2273 1337 2330 pro

86 2342 90 2352 ‘
201 2329 293 2408 ἱρειαι
308 2331 402 2390 Reklr.
425 2329 543 2410 (ἱέρειαι
557 2332 594 2390 F.
615 2325 710 2410 ίρήϊαι
724 2331 756 2394 S.
773 2332 838 2389 (λεί.
862 2327 926 2412 al).
946 2365 990 2376 —-
1027 2332 1064 2390 II.
1087 2340 1122 2392 54
1143 2335 1240 2414 ἱρείας
1260 2339 1337 2394 Bek-

199 2415 287 2471 kerus
304 2414 368 2489 jam·
386 2421 465 2472 recte
485 2415 630 2473 substituit
650 2415 723 2473 male
743 2415 862 2491 vulgato
885 2416 985 2494 ἱρηΐας
1006 2411 1073 2489 (δύο
1095 2425 1236 2500 γυναῖκες
1257 2421 1336 2500 ἱρηί-

200 2501 249 2570 ng)
270 2517 335 2557 nam
361 2497 429 2556 illud
452 2499 549 2578 ἱρείας
569 2500 710 2578 praebent
732 2500 816 2558 codd.
839 2499 872 2557 F.
894 2500 930 2560 P.
951 2501 990 2559 K.

284 2581 379 2649 Quum
408 2589 502 2641 autem
524 2591 623 2642 notum
645 2585 698 2654 sit,
727 2584 755 2639 in
779 2584 942 2642 universum
964 2586 1146 2644 statuendum
1170 2605 1252 2662 esse,
1280 2607 1334 2646 no-

198 2664 274 2723 mina
296 2666 324 2724 in
345 2672 367 2726 ῖι
387 2687 489 2744 purum
517 2668 561 2726 rel
582 2668 611 2723 in
634 2668 675 2743 (ῑὶ
695 2667 854 2726 desinentia
875 2667 930 2726 lroc
951 2669 974 2730 'a
994 2671 1165 2746 productum
1187 2671 1332 2748 habuisse,

197 2748 320 2825 ideoque
342 2769 377 2806 ex
397 2750 584 2810 Herodoteae
613 2750 727 2807 dialecti
749 2752 861 2809 ratione
882 2759 912 2810 et
933 2753 961 2810 in
983 2754 1157 2812 nominativo
1181 2757 1260 2814 etin
1283 2777 1332 2816 ac·

196 2834 325 2888 cusativo
348 2838 512 2890 constanter
533 2835 562 2890 in
584 2857 603 2912 η
625 2839 655 2890 et
671 2833 714 2912 ἦν
732 2836 882 2892 terminata
902 2837 1006 2912 fuisse,
1024 2843 1106 2915 patet
1127 2859 1185 2897 non
1207 2841 1272 2919 ipso
1294 2843 1330 2898 ab

195 2913 346 2972 Herodoto
369 2917 499 2990 prosecta
521 2936 585 2974 esse
608 2936 680 2994 quae
696 2920 761 2975 cod.
778 2919 810 2975 S.
826 2919 969 2994 praebuit:
990 2921 1011 2979 I.
1027 2927 1063 2980 80
1084 2922 1176 2984 ίδίαν.
1200 2927 1250 2983 196
1273 2925 1330 2987 at-

196 3019 263 3075 ραν.
288 2997 325 3060 Il.
346 3001 381 3056 38
403 3000 492 3078 ζημία
511 3000 560 3066 IV.
583 3005 618 3060 72
638 3002 754 3080 κοιλίαν.
779 3005 830 3062 127
853 3004 960 3066 ἱστίον.
989 3009 1041 3064 133
1061 3005 1217 3085 ιὶμειίροιν.
1241 3009 1273 3070 V.
1296 3013 1330 3069 17

197 3082 408 3145 Μακεδονίαν.
438 3115 480 3127 -
513 3089 542 3164 et
562 3086 626 3148 cod.
650 3085 677 3145 b.
699 3087 721 3144 I.
744 3093 777 3146 ll
806 3081 964 3168 ὅκοτίραν;
996 3091 1081 3148 codd.
1103 3093 1133 3152 S.
1157 3094 1191 3155 V.
1222 3093 1272 3152 III.
1296 3098 1330 3154 59

190 3158 318 3244 ’Τδρέαν
337 3184 391 3243 pro
409 3166 522 3242 vulgato
539 3162 666 3250 ‘detpv
687 3173 824 3251 (Θυρέαν
846 3171 880 3232 Ρ.
902 3173 941 3237 Κ,
960 3173 995 3231 F.
1029 3175 1148 3256 Θυρέην
1169 3177 1235 3236 edd.
1257 3183 1327 3236 vett.

193 3267 256 3306 cum
280 3249 321 3307 Μ.
342 3269 370 3308 a.
395 3250 422 3309 b.
445 3253 498 3323 δ).
534 3255 598 3317 cod.
621 3254 655 3312 F.
681 3255 744 3315 VII.
767 3261 802 3316 28
824 3247 932 3318 οιὶοίαν
961 3265 990 3316 et
1013 3257 1078 3318 VII.
1104 3266 1155 3321 170
1179 3263 1327 3323 Σικελίαν.

192 3332 276 3400 Quae
298 3333 392 3393 omnia
419 3342 449 3394 et
471 3335 535 3394 huic
560 3339 661 3398 similia
684 3341 726 3413 (Ι.“
743 3346 796 3402 120
821 3333 1061 3422 ιίγγελιαφόρονς
1082 3344 1147 3408 Αίδ.
1170 3346 1201 3402 S.
1222 3345 1250 3404 b.
1277 3347 1326 3410 lll.

191 3420 225 3475 75
247 3412 425 3500 ἐγενεαλόγει
451 3423 517 3480 eod.
542 3443 566 3483 o.
595 3444 649 3502 pro
677 3427 794 3502 vulgato
816 3425 1041 3508 ἐγενεηλόγησε)
1069 3449 1144 3487 nunc
1165 3437 1243 3488 recte
1265 3433 1327 3489 sine

190 3499 380 3562 haesitatione
404 3503 434 3563 in
462 3507 603 3582 integrum
629 3511 760 3569 restituta
785 3515 860 3574 sunt.
894 3543 931 3553 -
981 3512 1091 3593 Τεγέην
1113 3515 1257 3591 vulgatum
1282 3521 1326 3573 est

189 3586 267 3663 apud
287 3593 416 3646 nostrum
440 3592 646 3652 16117172.
668 3595 730 3654 VII.
753 3597 812 3653 170.
835 3594 884 3653 ίΧ.
903 3599 939 3654 37
960 3596 1012 3674 bis,
1036 3605 1067 3656 ut
1088 3601 1164 3676 apud
1187 3599 1270 3656 Hom·
1289 3599 1325 3658 Il.

188 3669 225 3743 Il,
245 3673 298 3730 507
324 3671 428 3753 Τεγέης
461 3680 489 3732 et
511 3675 644 3752 Apollon.
667 3675 737 3757 Arg.
766 3679 796 3752 1,
817 3681 870 3738 162
900 3677 1026 3762 Τεγέην,·
1055 3699 1227 3760 quamquam
1249 3685 1325 3761 apud

188 3753 260 3813 alios
286 3753 376 3835 Τίγεα
397 3764 426 3815 et
445 3757 558 3839 Τίγεαν
572 3769 817 3843 ιριοραιοιεγίοοο
837 3765 943 3822 nostris
969 3765 1086 3842 quidem
1107 3767 1136 3824 in
1156 3767 1325 3844 exemplari-

186 3837 241 3897 bus
261 3839 347 3914 vulgo
369 3841 510 3918 leguntur,
535 3843 573 3900 cf.
597 3845 728 3926 Thucyd.
750 3848 785 3921 V,
799 3851 844 3906 32.
866 3852 910 3908 64.
930 3851 973 3909 74.
995 3853 1040 3908 76.
1060 3850 1278 3928 Polyaenus,
1295 3859 1321 3912 1.

186 3922 285 3999 ΙΙ,3,
305 3927 346 3982 14.
379 3924 547 4003 Αροίίοδοῐ.
572 3927 624 4002 Ill,
647 3933 671 3993 7,
704 3931 834 3992 Εοείοίίι.
856 3940 885 3992 et
906 3933 1007 4012 Steph.
1031 3933 1100 4010 Bya'·
1124 3955 1147 3993 s.
1170 3955 1217 4011 v.‚
1246 3939 1322 4012 apud

186 4006 275 4082 alios,
306 4013 336 4066 ut
358 4011 434 4084 apud
456 4010 623 4071 Pausaniam
650 4034 716 4072 mox
742 4015 849 4098 Τίγεα,
880 4038 945 4077 mox
972 4017 1063 4099 Τεγέα
1085 4020 1220 4078 scribitur
1243 4021 1322 4092 (vide

185 4092 274 4166 Syllb.
306 4093 344 4152 ad
363 4093 455 4154 Paus.
477 4095 559 4168 VIII,
582 4119 610 4174 p,
633 4103 695 4167 458)
726 4107 757 4158 ut
783 4102 907 4161 fortasse
936 4103 965 4160 in
992 4110 1116 4163 mentem
1143 4105 1194 4164 tibi
1223 4105 1322 4163 venire

184 4184 285 4253 posset
307 4183 451 4244 statuere.
489 4179 578 4262 Τίγεα
602 4201 658 4239 non
680 4180 734 4240 nisi
753 4187 829 4262 apud
853 4186 963 4247 Ionicos
990 4190 1148 4266 scriptores
1170 4195 1200 4248 et
1222 4191 1320 4266 epicos

183 4268 284 4336 poetas
304 4262 326 4322 ἆ
347 4283 428 4322 suurn
452 4264 535 4323 finale
556 4267 742 4343 produxisse,
769 4270 824 4328 nisi
847 4269 999 4329 Strabonis
1026 4273 1171 4349 quoddam
1198 4283 1319 4352 praece·

184 4347 262 4419 ptum
290 4346 502 4408 adversaretur.
553 4351 579 4408 Is
608 4352 683 4411 enim
705 4351 791 4432 Vlll,
822 4375 850 4434 p.
875 4357 930 4415 572
954 4354 1025 4414 lraec
1051 4357 1184 4415 tradidit:
1218 4355 1317 4435 ἐκείνη
