2980 5032
443 303 487 364 De
511 305 629 364 dialecto
651 305 815 366 Herodoteu
839 309 883 368 lib.
908 309 931 372 l.
963 309 964 312 ’
1112 342 1114 346 ·
1214 309 1234 372 5

86 478 148 530 tate
172 469 350 547 Wess'eliugii
374 473 401 529 in
425 473 604 530 restituendis
628 473 775 532 Herodoto
798 478 879 532 rectis
901 477 1059 555 scripturis,
1087 481 1124 538 de
1145 469 1227 538 nimia
1313 507 1314 514 ι

32 563 33 630 J
85 555 274 613 lonismorum
296 549 448 632 cupuditate
470 556 631 630 Borbeckii‚
665 559 702 615 ‹le
723 559 883 634 diligentia,
909 559 1002 620 critica
1025 563 1141 638 virtute,
1169 565 1226 624 sin·
1333 567 1347 578 ”

32 637 34 722 l
87 639 182 715 gulari
203 640 231 696 in
260 641 355 697 formis
384 639 551 714 quibusdam
578 639 759 699 emendandis
788 643 970 718 intelligentia
1002 647 1160 724 Schaeferi,
1191 649 1228 706 dc

32 741 33 768 ι
85 723 289 793 inconstantia,
310 725 410 800 vitiosa
434 725 561 780 doctrina
582 724 850 803 Schweighaeuseri,
874 729 909 784 de
935 728 993 786 aliis
1022 729 1138 786 aliorum
1166 731 1226 788 edi-

32 841 34 900 ,
85 815 183 863 torum
202 806 351 864 uirtutibus
373 827 406 864 ac
428 808 510 878 vitiis,
531 809 582 864 sed
606 827 689 864 sunum
714 815 839 883 tuntum,
862 809 940 885 quod
970 813 1097 870 omnibus
1126 815 1229 870 editio-

32 901 34 990 ξ
85 891 172 948 nibus
192 909 339 947 commune
363 891 426 949 mibi
449 909 509 948 esse
531 893 649 960 videtur,
670 893 801 967 aperiam.
835 893 942 950 Omnes
964 897 1035 952 enim
1059 895 1120 973 plus
1138 899 1228 954 miuus

32 991 34 1052 ξ
85 993 139 1032 eos
161 974 232 1031 fines
256 976 397 1050 utriusque
418 975 544 1043 lonismi,
570 973 721 1052 Atticismi,
747 975 867 1033 Doritmi
890 997 1001 1036 serrare
1019 981 1147 1038 nesciisse
1162 1001 1228 1038 cen«

85 1077 149 1130 seo,
172 1058 245 1114 intra
268 1077 339 1133 quos
360 1061 542 1117 attentissime
562 1077 627 1132 eos,
648 1059 695 1134 qui
718 1073 808 1116 norae
830 1056 997 1117 recensionis
1024 1070 1116 1120 curam
1143 1065 1170 1120 in
1198 1083 1229 1122 sc

87 1143 255 1218 suscipiunt,
282 1161 344 1200 sese
364 1150 458 1201 tenere
480 1143 662 1200 necessarium
685 1149 739 1216 est,
768 1146 818 1200 sed
841 1142 955 1201 similem
976 1144 1179 1206 inconstantiae
1201 1153 1229 1205 et

86 1227 233 1282 varietatis
254 1227 402 1301 imaginem
428 1227 605 1304 expressisse,
625 1227 661 1294 ‚ao
681 1228 783 1283 nostris
808 1227 834 1284 in
854 1227 921 1284 Mas.
950 1245 1107 1304 expressam
1129 1230 1229 1307 depre-

32 1289 34 1368 l
87 1311 248 1368 hendimus,
291 1311 378 1368 Manu
400 1311 472 1368 euim
498 1319 591 1387 scmptr
616 1309 676 1366 lrbrr
696 1325 793 1368 omnes
814 1312 899 1367 modo
928 1312 954 1368 in
977 1311 1140 1371 Homeritas
1170 1315 1228 1370 for-

32 1441 33 1450 ,
87 1413 151 1453 mas
173 1395 254 1450 nimis
274 1395 420 1464 inclinant,
449 1396 534 1452 modo
556 1395 585 1452 iu
605 1393 736 1468 Jonicas,
769 1394 853 1451 modo
879 1395 906 1452 in
932 1393 1065 1466 Doricas,
1092 1397 1178 1453 modo
1199 1399 1229 1454 in

89 1479 212 1550 Atticas,
233 1479 321 1535 etita
344 1480 467 1553 quidem,
491 1485 522 1536 ut
543 1479 706 1556 plerumque
728 1496 812 1536 unum
834 1479 964 1553 idemque
985 1480 1161 1558 vocabulum,
1184 1479 1227 1538 vel

87 1569 182 1619 totum
200 1565 385 1636 quorumdam
405 1562 600 1619 vocabulorum
627 1581 716 1639 genus
738 1563 864 1620 omnibus
882 1564 957 1620 bisce
979 1565 1007 1621 iu
1029 1565 1125 1629 formis
1143 1565 1229 1642 scrip-

87 1657 149 1705 tum
172 1647 329 1714 exhibeant.
373 1647 541 1723 Saepissime
562 1647 674 1721 quidem
696 1647 731 1702 ab
748 1645 807 1709 aliis
823 1648 1023 1723 posterioribus
1048 1647 1229 1726 scriptoribus

88 1739 169 1788 totae
190 1733 344 1788 sententiae
366 1749 399 1786 ex
423 1731 562 1802 Herodoti
584 1730 658 1786 libris
688 1749 721 1786 ea
749 1731 876 1788 oratione
909 1749 1056 1810 expressae
1085 1733 1227 1808 leguntur,

88 1833 147 1890 qua
174 1814 361 1890 inconstantia
388 1815 458 1871 illius
489 1816 643 1892 scripturae
673 1814 827 1881 confirmari
863 1834 949 1892 posse
984 1817 1119 1873 videatur.
1170 1817 1228 1873 Sed

32 1917 33 1966 j
88 1900 127 1956 illi
158 1899 268 1956 excitati
300 1897 342 1955 rel
376 1900 504 1974 exscripti
525 1899 578 1956 loci
595 1904 654 1955 turn
681 1899 791 1956 demum
812 1899 906 1956 valent
929 1899 966 1955 ad
994 1901 1112 1958 sormam
1139 1915 1228 1972 quan-

32 1967 39 2054 l
91 1985 159 2041 dam
185 1982 377 2039 Herodnteam
400 1983 629 2052 coinfirmaudam
655 2001 741 2056 quum
761 1983 849 2058 ipsius
871 1983 978 2038 formae
1001 1999 1084 2040 causa
1106 1983 1229 2040 excitan-

89 2074 146 2136 tur,
167 2083 270 2141 neque,
291 2066 320 2123 id
337 2068 413 2140 quod
433 2067 543 2144 saepius
560 2072 602 2124 est
623 2067 737 2134 sactum,
763 2083 866 2133 rerum,
888 2083 961 2139 quae
981 2064 1032 2123 illis
1053 2064 1145 2122 verbis
1161 2084 1229 2123 con-

32 2159 33 2162 ’
90 2153 232 2220 tinentur3
256 2169 312 2224 qua
337 2151 364 2206 in
388 2169 418 2206 re
441 2167 549 2226 semper
570 2152 627 2208 sere
652 2151 782 2207 insnum
811 2149 922 2206 dicendi
950 2168 1029 2207 usum
1059 2149 1229 2226 posteriores
1315 2141 1319 2153 ¹

32 2253 33 2272 t
89 2239 288 2292 converterunt
310 2234 463 2292 orationem
487 2234 738 2307 Herodoteam*);
768 2237 832 2301 aut,
859 2232 965 2289 etiamsi
997 2234 1064 2310 ipsis
1089 2233 1228 2290 Herodoti

88 2319 183 2375 verbis
207 2318 283 2392 loqui
299 2317 459 2390 voluissent,
482 2319 582 2394 partim
600 2316 705 2372 vitiosis
719 2315 776 2389 ja'm
793 2328 860 2372 tunc
877 2317 1080 2393 exemplaribus
1097 2317 1137 2373 usi
1154 2322 1228 2384 ssrnt,

90 2401 197 2479 partim
218 2402 297 2459 etiam
320 2420 415 2458 eorum
442 2403 550 2476 scriptis
577 2400 617 2456 id.
633 2399 766 2458 accidisse
795 2400 974 2454 statuendum
1002 2407 1060 2471 est,
1092 2401 1171 2473 quod
1200 2407 1228 2456 et

32 2491 33 2562 l
91 2485 245 2554 Herodoti,
262 2491 331 2542 utet
342 2485 369 2540 in
387 2484 440 2538 illis
458 2483 535 2540 libris
554 2483 734 2539 Herodoteae
749 2482 857 2538 formae
873 2482 1105 2539 oblitterarentur.
1134 2483 1229 2547 erare

32 2585 33 2620 l
90 2569 233 2627 interdum
266 2587 301 2625 ne
333 2569 357 2624 ei
386 2567 499 2641 quidem
528 2565 609 2636 loco,
650 2564 697 2620 ubi
724 2565 813 2620 sorma
840 2565 978 2636 quaedam
1005 2578 1037 2621 ut
1065 2565 1228 2620 Herodotea

32 2659 33 2688 ³
91 2669 224 2729 expresse
245 2651 371 2728 affertur,
392 2651 415 2706 si
437 2667 498 2706 eam
524 2649 605 2706 certis
628 2648 798 2722 argumentis
814 2647 943 2703 vitiosam
962 2665 1023 2706 esse
1044 2647 1228 2704 demonstrari

32 2767 33 2794 ι
91 2742 198 2814 potest,
227 2734 297 2790 fides
319 2741 361 2790 est
382 2733 518 2790 habenda
548 2730 792 2806 Cujusmodi‘loci
815 2749 901 2805 quum
922 2730 967 2788 alii
989 2731 1082 2789 afferri
1100 2737 1228 2808 possunt,

32 2845 33 2892 ι
91 2830 149 2878 tum
172 2819 206 2892 is,
229 2819 276 2892 qui
298 2824 341 2874 est
364 2818 439 2894 apud
463 2817 582 2890 Gregor.
605 2816 672 2872 Cor.
695 2816 722 2871 d.
747 2814 811 2872 dial.
838 2815 903 2872 Jon.
929 2812 956 2892 §.
977 2814 1054 2877 Vll.:
1077 2812 1227 2886 τοῖςῦπο-

92 2909 243 2974 τακτικοῖς
263 2897 403 2980 ἄρθροις,
428 2905 491 2971 τοῖς
513 2895 573 2960 aino*
596 2892 773 2976 φωνήεντος
792 2896 971 2976 ἀρχομένοις
982 2896 1181 2977 προστιθέασι
1193 2895 1239 2958 ιδ’

32 2985 34 3054 l
93 3013 107 3048 τ
130 2987 162 3048 οἱ
174 2983 287 3063 Ἴωνες,
315 2979 355 3056 ὥς
372 2977 440 3063 παρ’
460 2979 610 3066 Ἡροδότῳ
636 2981 698 3058 (lll.
724 2979 900 3057 55)„ouiro¹e
926 2981 958 3042 ἔν
977 2977 1097 3066 Πιτάνῃ
1110 3001 1229 3060 συνεγε-

32 3073 33 3126 ἴ
93 3069 195 3150 νόμην
217 3063 318 3148 δήμου
336 3062 444 3129 τούτου
466 3072 521 3128 τοῦ
537 3059 588 3145 ἦν,
614 3059 814 3126 deviemini
838 3059 887 3142 ἦν.
919 3063 970 3124 καὶ
992 3060 1138 3144 ἆλλοχοῦ,
1165 3071 1227 3132 τοῖς

93 3155 252 3224 devellere,
278 3147 344 3213 a'vrl
368 3155 424 3212 τοῦ
445 3146 498 3224 οἷς.
532 3153 590 3208 Sed
615 3152 698 3207 istam
723 3151 884 3228 scripturam
903 3151 1035 3224 ignorant
1050 3149 1139 3208 nostri
1156 3148 1227 3220 libri,

32 3293 34 3316 ι
92 3241 139 3315 qui
160 3238 248 3313 vulgo
268 3213 397 3294 bt'recte
418 3237 531 3312 quidem
555 3234 705 3312 praebent:
735 3233 835 3313 δήμου
867 3227 923 3312 γοῖρ
955 3231 1065 3296 τούτου
1092 3225 1149 3312 ἦν,
1180 3253 1228 3290 cx-

32 3337 33 3340 ’
92 3324 178 3402 ceptis
203 3321 298 3383 Codd.
321 3323 352 3378 S.
375 3319 418 3394 V,
440 3320 488 3394 qui
509 3314 609 3396 δήμου
630 3311 654 3378 τ’
672 3311 775 3390 Ικὺτοῦ
796 3309 836 3396 ἦν
857 3317 970 3400 habent.

178 3407 211 3463 Si
235 3421 302 3462 vern
326 3403 502 3461 nibilominus
524 3404 603 3479 apud
628 3401 799 3479 posteriores
823 3401 1004 3458 Herodoteae
1032 3399 1137 3455 formae
1171 3415 1228 3454 ser-

32 3533 33 3566 ,
92 3495 178 3548 ratae
202 3493 276 3565 sunt,
298 3488 362 3546 huic
381 3488 421 3546 rei
446 3487 562 3544 multum
587 3503 649 3544 esse
673 3485 860 3553 tribuendum,
876 3485 906 3542 iu
925 3489 1023 3560 aperto
1040 3487 1093 3540 est.
1125 3479 1231 3539 Verum

32 3603 33 3612 ι
92 3576 287 3649 Henuogenes
312 3571 368 3650 ille,
384 3587 508 3648 magnus
529 3570 627 3648 jadex,
652 3567 713 3650 ip'se
735 3569 812 3645 dicit,
834 3565 976 3653 διαλέκτῳ
995 3565 1119 3654 ποικίλῃ
1149 3583 1230 3622 usum

163 3787 190 3852 *)
210 3785 292 3854 cnjus
308 3784 348 3838 rei
367 3787 485 3856 perutilis
505 3785 600 3854 legitur
624 3784 783 3855 comparatio
810 3783 880 3853 apud
904 3779 1076 3836 Maitts-irium
1100 3781 1151 3847 (do
1168 3777 1229 3830 dial·

32 3883 34 3918 ι
114 3873 136 3909 ι.
152 3853 196 3908 ed.
224 3854 316 3919 Stura)
336 3871 360 3922 p.
381 3853 430 3908 178
448 3871 517 3923 sqq,
534 3843 578 3905 ubi
596 3855 681 3907 oratio
703 3871 719 3906 a
741 3853 829 3906 Xerxe
846 3851 916 3922 apud
934 3851 1030 3906 Persas
1047 3847 1230 3916 babita(Vlls

32 3953 33 3982 ι
94 3873 123 3990 d)
143 3937 201 3975 curn
219 3921 307 3974 eadem
326 3937 342 3972 a
360 3922 485 3989 Dionysio
503 3921 590 3974 Halic.
605 3921 651 3988 (ll.
689 3920 777 3986 .189)
795 3922 822 3972 iu
836 3920 998 3974 Atticismurn
1013 3935 1139 3972 conversa
1159 3933 1228 3966 com-
1312 3941 1328 3980 g

32 4005 33 4010 ’
96 3991 253 4110 positpbest.
267 3989 414 4072 —thjarn
433 3989 637 4110 Theopompumf
648 3941 749 4053 (ibium,
766 3990 814 4057 qui
831 3986 1099 4107 Heppdoppnbistorips
1118 3985 1144 4035 in
1141 3983 1230 4100 ”qu

95 4065 601 4196 ra,¹2ratusratus-ruant
618 4065 776 4188 stant
893 4071 1001 4177 tius
1020 4068 1111 4200 atat:
1127 4063 1229 4196 um

94 4209 121 4246 re
138 4209 290 4264 usurpasse,
310 4195 375 4250 satis
393 4210 522 4264 superque
540 4194 621 4246 verba
645 4193 771 4262 quaedam
790 4198 921 4248 testantur
937 4207 953 4242 a
971 4187 1104 4242 veteribus
1122 4184 1229 4263 qmbus-

95 4261 149 4314 dam
166 4262 341 4329 grammaticis
358 4263 409 4314 lrao
427 4279 459 4314 ex
477 4261 588 4330 epitoma
606 4258 965 4330 servata351det'ronnst
986 4255 1019 4333 ds
1039 4251 1142 4324 Theop.
1166 4250 1232 4302 cns·

97 4327 121 4381 ln
143 4331 239 4384 Oreas.
264 4331 369 4385 Melete.
386 4331 435 4385 lll.
453 4347 479 4401 p.
500 4326 549 4384 137
567 4345 626 4399 sqq.
1012 4353 1014 4358 ·
