3014 5016
238 253 303 320 ³00
549 259 595 319 De
617 260 738 320 dialecto
759 259 928 319 Herodotee
948 259 996 322 lib.
1016 259 1066 317 IV.

237 424 726 508 neuun.((oqooevt2e.1’.)*).
770 426 882 496 Quibus
900 425 1029 498 omnibus
1042 427 1073 482 in
1094 425 1165 484 locis
1185 425 1262 484 bnud
1284 427 1375 487 dubie
1478 405 1479 408 ἰ

237 513 378 588 scriptura
398 531 450 589 per
471 514 698 592 qpraet'erenda
721 516 784 580 est;
811 513 897 568 etiem
917 509 953 566 11.
978 516 1048 584 121,
1076 515 1094 569 6
1122 503 1287 589 τίνενείχθη
1309 511 1374 568 vul·
1478 579 1479 582 χ

237 604 336 672 gotum
364 595 426 673 (olii
453 590 629 674 οίνενεῖχθατ
649 595 735 654 nibilo
757 596 849 652 minus
871 595 1061 652 damnandum
1085 594 1123 655 οἰ.
1147 614 1236 670 supra
1265 615 1296 672 p.
1319 599 1372 654 149

238 686 269 738 et
286 680 360 738 infre
374 700 402 757 p.
416 678 482 757 315)
503 683 533 739 in
552 675 718 759 οίνηυείχθη
741 685 786 736 est
803 679 989 747 vertendum
1011 686 1040 735 et
1056 678 1107 737 ΠΙ.
1131 684 1166 736 10
1188 679 1372 757 συνενείχθη
1476 725 1477 728 .

237 765 267 822 in
287 766 490 842 συνηνείχθη,
512 767 640 842 quemvis
662 783 760 822 omnes
780 763 843 820 libri
864 762 938 819 illurn
960 763 1090 820 vitiosam
1110 764 1282 839 scripturam
1301 766 1372 820 reti·
1478 789 1479 792 ¹

236 867 305 906 nere
319 845 541 927 *videantur**).
563 883 606 895 —
631 849 718 906 Verbi
738 847 845 921 ἔραμαι
865 848 989 905 aoristos
1011 852 1090 903 recte
1110 847 1191 904 initio
1214 853 1370 924 augmento

236 932 388 1008 temporali
408 939 523 991 ornatus
543 939 635 992 exstat
655 934 679 990 1.
699 939 719 992 8
738 925 864 1010 ἠράσθη
889 937 918 987 et
938 928 988 986 111.
1012 935 1064 1004 31,
1086 931 1218 988 omnibns
1237 934 1266 989 in
1289 931 1370 989 libris

237 1017 279 1075 sic
296 1018 435 1094 scriptus3
452 1019 609 1095 eodemque
630 1019 718 1076 modo
740 1017 775 1076 ll.
799 1020 849 1075 131
867 1008 991 1091 η’ρσίσθη
1015 1033 1079 1072 cum
1100 1017 1169 1074 cod.
1191 1017 1222 1076 S.
1251 1021 1281 1074 et
1302 1017 1369 1078 edd,

236 1101 377 1160 nonnullis
395 1103 575 1160 retinendum
597 1108 656 1172 est,
688 1119 858 1179 quamquam
878 1098 993 1177 ἐρείσθη
1018 1099 1084 1160 cod.
1106 1099 1142 1156 V.
1166 1106 1195 1157 et
1212 1100 1285 1158 aliae
1306 1101 1370 1158 eui-

238 1187 332 1243 tiones
353 1185 545 1249 exbibuerunt.
587 1185 637 1248 IX.
659 1191 710 1244 108
733 1180 795 1263 ἤρα
821 1184 866 1242 bis
888 1189 966 1244 recte
988 1200 1006 1238 e
1028 1181 1092 1244 (ἰοί.
1114 1183 1236 1260 aliisque
1256 1189 1371 1262 reposi-

148 1280 152 1296 '
236 1279 296 1328 turn
318 1276 372 1344 est,
392 1285 514 1346 quorum
535 1271 630 1346 priore
654 1273 683 1328 in
705 1271 768 1327 loco
789 1270 874 1326 codd.
890 1270 922 1328 S.
933 1266 969 1324 V.
988 1267 1017 1322 in
1039 1263 1094 1343 έρω
1115 1266 1297 1343 aberrarunt,
1319 1269 1368 1345 qui

237 1354 352 1432 quidem
373 1354 450 1411 idem
471 1355 537 1414 cod.
559 1355 592 1416 S.
611 1355 641 1410 in
662 1354 824 1432 posteriore
845 1372 940 1410 veram
962 1351 1129 1426 scripturam
1147 1347 1210 1430 ἠρσ
1232 1353 1369 1415 servavit,
1476 1369 1477 1374 ¹

236 1469 280 1482 -
297 1436 451 1496 Praeterea
471 1430 610 1520 ἠπείγετο
623 1457 675 1496 suo
692 1445 845 1513 nrrgmento
866 1446 995 1494 ornatum
1016 1433 1115 1510 babes,
1137 1436 1268 1494 omnibus
1288 1436 1369 1492 libris
1476 1477 1477 1482 1

237 1522 491 1581 consentientibus:
513 1519 623 1582 11128.
646 1527 691 1581 43.
712 1520 776 1580 VII.
798 1525 858 1580 192.
880 1520 957 1580 VIII.
980 1524 1022 1580 18.
1043 1518 1094 1582 ΙΧ.
1117 1526 1166 1587 12;
1186 1539 1273 1596 quam
1295 1538 1369 1577 eoo-

237 1607 301 1664 dem
325 1607 492 1684 scripturam
512 1606 564 1666 lv.
586 1611 621 1666 98
640 1612 670 1664 et
690 1612 742 1666 135
764 1625 781 1662 e
804 1605 888 1662 codd.
909 1606 942 1661 S.
964 1604 997 1668 V.
1041 1603 1091 1661 IV.
1114 1609 1164 1662 133
1184 1623 1200 1660 e
1225 1605 1310 1683 codd.
1335 1605 1368 1664 S.

236 1690 272 1748 V.
293 1691 329 1749 F.
353 1710 399 1767 pr.
425 1709 524 1748 omnes
545 1691 673 1767 recipere
695 1689 856 1763 debebant,
881 1708 934 1766 pro
958 1707 1014 1764 qua
1035 1687 1157 1745 nonnulli
1180 1686 1313 1766 ἐπείγετο
1336 1696 1368 1747 et

237 1775 392 1853 ἐπείγοντο
417 1775 557 1834 immerito
581 1777 766 1834 retinuerunt.
806 1805 842 1817 ·-
879 1775 973 1848 Atque
1000 1763 1256 1848 ἠλευθερώθησαν
1282 1769 1304 1830 l.
1327 1773 1365 1828 95

237 1859 368 1918 omnibus
390 1861 417 1916 in
439 1859 519 1918 llbris
539 1866 617 1918 recte
638 1861 772 1938 scriptum
794 1861 900 1924 exstot3
926 1857 978 1914 sed
1000 1856 1035 1914 Il.
1057 1861 1106 1914 135
1124 1846 1324 1932 ἠλευθερώθη
1347 1873 1366 1913 e

127 1981 129 1985 -
237 1943 300 2000 solo
322 1945 386 2001 cod.
409 1945 441 2005 S.
464 1949 608 2003 enototum
632 1951 687 2016 est,
708 1962 794 2021 quum
816 1943 883 1999 edd.
902 1941 1057 2017 pleraeque
1078 1933 1269 2014 ἐλευθερώθη
1291 1937 1368 1996 falso

237 2029 394 2095 retineant3
422 2027 498 2083 idern
518 2026 591 2086 cod.'
605 2027 655 2084 Vl.
674 2033 726 2086 123
743 2019 960 2104 ἠλευθέρωσαν
982 2032 1059 2082 recte
1077 2024 1211 2100 praebuil
1232 2042 1285 2099 pro
1307 2022 1370 2078 vul·

107 2169 115 2176 ,
237 2115 304 2186 gato
324 2109 541 2182 ἐλευθέρωσσν.
584 2113 632 2167 Sic
651 2117 680 2168 et
702 2111 815 2186 vulgata
832 2109 1049 2187 ἐλευθεροῦντο
1070 2108 1205 2168 1127131
1228 2109 1368 2170 συνελευ-

237 2191 333 2267 θέρου
353 2193 388 2251 V.
413 2197 458 2251 46.
491 2193 696 2272 ἐλευθέρωσαν
729 2195 759 2256 V.
783 2199 832 2266 62,
865 2193 942 2251 nulla
965 2193 1105 2250 varietate
1132 2191 1367 2266 enotatn‚·mihi

238 2277 319 2335 valde
342 2283 476 2353 suspecta
497 2284 583 2351 sunt,
613 2297 704 2355 quae,
734 2278 788 2336 nisi
812 2278 837 2335 si
859 2283 888 2336 et
909 2277 978 2336 illud
1005 2268 1267 2355 ἠλευθερώθησαν
1288 2275 1311 2339 I.
1334 2279 1368 2332 95

237 2363 267 2421 in
288 2356 539 2441 ἐλευθερώθησαν
561 2364 663 2421 mutari
685 2363 833 2437 malueris,
864 2368 893 2419 et
915 2363 1022 2420 codicis
1045 2363 1075 2423 S.
1097 2361 1294 2419 auctoritatem
1314 2359 1367 2416 illis

237 2447 266 2504 in
289 2447 359 2505 locis
382 2466 434 2524 pro
459 2449 542 2506 nimis
564 2449 643 2506 tenui
661 2447 811 2522 habueris,
838 2445 877 2502 in‘
888 2438 1112 2522 ἠλευθεροῦντο
1132 2437 1167 2502 εί
1185 2441 1368 2520 συνηίευθέ-

124 2551 126 2558 “
240 2553 315 2612 pov,
344 2526 561 2612 ἠλευθέρωσαν
588 2533 723 2591 mutanda
751 2535 845 2590 erunt.
878 2561 922 2574 -—
963 2530 1097 2588 Similiter
1121 2525 1168 2587 res
1198 2548 1230 2586 se
1264 2528 1368 2586 babere

239 2616 351 2676 videtur
379 2617 417 2675 de
443 2618 536 2675 forma
563 2610 723 2697 ἠρήμωτο,
754 2634 827 2693 qnae
854 2615 883 2671 in
912 2614 974 2672 solo
1003 2615 1067 2671 loeo
1096 2613 1143 2676 VI.
1164 2619 1199 2672 22
1229 2613 1313 2671 obvia
1340 2617 1368 2670 et

153 2737 157 2744 ·
240 2719 257 2758 e
281 2704 380 2760 codice
408 2702 444 2762 F.
472 2703 627 2775 adnotata,
655 2719 673 2758 a
702 2699 823 2758 Wessel.
849 2699 968 2774 aliisque
996 2702 1095 2756 eontra
1120 2716 1196 2754 nunc
1223 2715 1286 2754 cunr
1319 2715 1368 2754 co·

240 2784 349 2842 dicibns
382 2784 416 2842 S.
442 2785 478 2848 V,
508 2785 652 2858 vulgatam
682 2777 837 2861 ἐρήμωτο,
873 2783 901 2840 in
935 2783 1061 2840 ordinem
1091 2787 1207 2857 recepta
1226 2786 1297 2851 σοί,
1335 2798 1367 2838 ac

238 2866 363 2926 fortusse
390 2867 467 2923 baud
494 2869 655 2942 immerito,
684 2887 770 2944 quum
796 2869 887 2926 codex
908 2867 941 2924 S.
970 2868 1055 2924 etiam
1078 2865 1139 2926 VH.
1164 2868 1216 2924 174
1244 2855 1369 2943 ἠρημω-

239 2948 346 3021 θέντες
378 2968 431 3027 pro
464 2969 533 3008 vero
568 2950 777 3027 ἐρημωθέντες
811 2952 985 3028 praebuerit.
1028 2983 1071 3028 7-
1119 2950 1207 3008 Verbi
1243 2947 1369 3028 ἐγείρειν

240 3035 365 3092 eoristns
394 3031 495 3113 ἠγετρε
521 3033 544 3091 I.
575 3038 618 3093 59.
653 3033 728 3093 VIII.
755 3040 805 3095 131
840 3038 883 3094 sie
912 3043 990 3094 recte
1019 3036 1140 3138 scriptos
1174 3034 1304 3091 omnibus
1338 3035 1368 3090 in

240 3115 320 3176 libris
342 3124 448 3188 exstat3
475 3122 504 3174 et
525 3116 598 3186 VIII.
619 3123 671 3176 142
693 3129 714 3175 e'
732 3119 817 3176 codd.
841 3121 873 3178 S.
894 3119 930 3177 V.
953 3119 988 3178 F.
1012 3139 1039 3179 a.
1060 3120 1197 3201 ἠγείρατε
1223 3121 1369 3176 enotntum

240 3208 303 3278 est,
329 3201 427 3280 utique
448 3201 660 3278 recipiendum,
687 3204 814 3277 quamvis
835 3204 962 3263 editores
979 3205 1107 3282 plerique
1122 3203 1250 3284 ἐγείρετε
1269 3204 1369 3259 imme-

170 3286 181 3334 ’ἰ
241 3285 297 3346 rito
318 3287 495 3345 retInnerint.
539 3284 580 3344 Ac
604 3305 691 3362 quum
712 3285 773 3344 VII.
801 3291 852 3346 137
874 3288 1028 3368 ἐπηγέρθη
1055 3307 1154 3346 omnes
1176 3292 1251 3344 recte
1273 3306 1370 3344 serva·

222 3373 316 3446 ''rint,
350 3377 380 3430 et
410 3371 431 3429 1.
456 3375 509 3430 299
536 3369 682 3452 ἐξηγέρθη
708 3371 775 3433 cod.
801 3372 838 3429 F.
868 3373 1047 3448 praebuerit,
1082 3374 1213 3448 idemque
1240 3368 1370 3448 plerique

243 3477 341 3516 ornnes
366 3476 427 3514 curn
456 3457 520 3514 cod.
544 3453 665 3516 Soliis
696 3455 773 3532 (cod.
802 3458 832 3518 S.
864 3455 1025 3537 ἐξηργίθη)
1053 3457 1238 3530 retinuerint,
1273 3461 1370 3534 tumen

242 3541 395 3599 nonnullae
423 3541 566 3598 editiones
599 3542 735 3599 vitiosum
763 3539 903 3620 ἐξεγέρθη
932 3543 1146 3618 praetulerunt,
1178 3540 1256 3615 quod
1284 3543 1321 3598 sd
1348 3542 1372 3602 I.

130 3669 132 3674 .
242 3628 278 3681 34
298 3625 384 3683 etiem
402 3643 417 3680 e
437 3622 522 3680 codd.
546 3624 582 3682 F.
599 3644 625 3684 a.
645 3645 669 3684 e.
693 3631 837 3685 enotatum
856 3630 909 3682 est.
951 3626 1010 3682 Sed
1031 3624 1099 3682 nihil
1121 3631 1165 3680 est
1186 3623 1283 3698 dubii,
1304 3626 1372 3702 quin

242 3705 348 3784 ubique
368 3709 444 3783 apud
465 3712 613 3784 nostrum,
641 3727 699 3767 noo
719 3703 849 3786 epicum,
871 3709 922 3764 sed
944 3708 1108 3765 historicum
1131 3723 1217 3784 proso
1240 3710 1373 3767 oratione

242 3811 335 3867 usum,
355 3791 410 3848 illis
431 3792 462 3849 in
480 3794 657 3872 temporibus
679 3794 796 3864 formae,
818 3795 969 3862 augmento
991 3787 1141 3863 temporali
1163 3793 1292 3861 ornatae,
1315 3792 1374 3851 sint

241 3876 434 3936 restituendae
455 3877 676 3952 servandaeque.
717 3907 754 3917 —
799 3871 961 3945 Imperfecti
986 3871 1077 3927 torma
1097 3870 1176 3926 verbi
1198 3865 1371 3952 ἐπίσταμαι,

222 3949 389 4039 Ιἠπίστατο
411 3965 490 4018 recte
511 3960 592 4017 initio
617 3964 701 4016 aucte
723 3952 853 4013 omnibus
876 3952 956 4011 llbr'is
981 3955 1226 4012 consentientibus
1248 3955 1371 4033 legitur:

245 4100 451 4116 ‹r—-pn—-u--u-

311 4171 328 4209 *
367 4170 442 4225 Adde
459 4170 495 4224 11.
515 4167 566 4226 116
584 4161 753 4245 οίηενείχθῃ,
783 4164 823 4218 εἰσ
841 4183 908 4248 unns
928 4169 978 4235 1¹⁸„
1008 4168 1088 4222 ceteri
1113 4188 1203 4226 omner
1226 4179 1300 4229 recte
1315 4168 1380 4247 cin·¹
1478 4249 1479 4254 χ

242 4236 370 4371 ⁷11⁸!an-
380 4305 435 4372 Sed
452 4306 511 4360 eod.
530 4305 561 4361 S.
580 4269 665 4356 bebet—
676 4315 766 4356 verum
784 4301 965 4374 συνηνείχθη.
1377 4277 1379 4286 ,
