<?xml version="1.0" encoding="UTF-8"?>
<!DOCTYPE html PUBLIC "-//W3C//DTD XHTML 1.0 Transitional//EN"
    "http://www.w3.org/TR/xhtml1/DTD/xhtml1-transitional.dtd">
<html xmlns="http://www.w3.org/1999/xhtml" xml:lang="en" lang="en">
 <head>
  <title>
</title>
<meta http-equiv="Content-Type" content="text/html;charset=utf-8" />
  <meta name='ocr-system' content='tesseract 3.04.00' />
  <meta name='ocr-capabilities' content='ocr_page ocr_carea ocr_par ocr_line ocrx_word'/>
</head>
<body>
  <div class='ocr_page' id='page_1' title='image "./quaestionumcrit01bredgoog_0020.png"; bbox 0 0 2980 5032; ppageno 0'>
   <div class='ocr_carea' id='block_1_1' title="bbox 229 341 1018 413">
    <p class='ocr_par' dir='ltr' id='par_1_1' title="bbox 229 341 1018 413">
     <span class='ocr_line' id='line_1_1' title="bbox 229 341 1018 413; baseline -0.02 0"><span class='ocrx_word' id='word_1_1' title='bbox 229 351 251 413; x_wconf 83' lang='grc'><strong>8</strong></span> <span class='ocrx_word' id='word_1_2' title='bbox 533 346 577 405; x_wconf 90' lang='lat' dir='ltr'><strong>De</strong></span> <span class='ocrx_word' id='word_1_3' title='bbox 595 345 717 404; x_wconf 83' lang='lat' dir='ltr'><strong>dialecto</strong></span> <span class='ocrx_word' id='word_1_4' title='bbox 739 343 905 403; x_wconf 76' lang='lat' dir='ltr'><strong>Herodotus</strong></span> <span class='ocrx_word' id='word_1_5' title='bbox 928 341 976 402; x_wconf 88' lang='lat' dir='ltr'><strong>lih.</strong></span> <span class='ocrx_word' id='word_1_6' title='bbox 998 341 1018 398; x_wconf 92' lang='lat' dir='ltr'><strong>l.</strong></span> 
     </span>
    </p>
   </div>
   <div class='ocr_carea' id='block_1_2' title="bbox 147 507 1383 2602">
    <p class='ocr_par' dir='ltr' id='par_1_2' title="bbox 147 507 1383 2602">
     <span class='ocr_line' id='line_1_2' title="bbox 316 507 1379 577; baseline -0.009 1"><span class='ocrx_word' id='word_1_7' title='bbox 316 519 464 577; x_wconf 82' lang='lat' dir='ltr'><strong>Praeterea</strong></span> <span class='ocrx_word' id='word_1_8' title='bbox 486 512 631 572; x_wconf 73' lang='lat' dir='ltr'><strong>Choerilus</strong></span> <span class='ocrx_word' id='word_1_9' title='bbox 653 512 764 568; x_wconf 87' lang='lat' dir='ltr'><strong>Samius</strong></span> <span class='ocrx_word' id='word_1_10' title='bbox 789 509 902 567; x_wconf 89' lang='lat' dir='ltr'><strong>auditor</strong></span> <span class='ocrx_word' id='word_1_11' title='bbox 927 508 1068 566; x_wconf 76' lang='lat' dir='ltr'>Herodoti</span> <span class='ocrx_word' id='word_1_12' title='bbox 1090 513 1119 566; x_wconf 90' lang='lat' dir='ltr'><strong>et</strong></span> <span class='ocrx_word' id='word_1_13' title='bbox 1148 507 1265 567; x_wconf 77' lang='lat' dir='ltr'><strong>deliciae</strong></span> <span class='ocrx_word' id='word_1_14' title='bbox 1287 510 1379 569; x_wconf 78' lang='lat' dir='ltr'><strong>inisse</strong></span> 
     </span>
     <span class='ocr_line' id='line_1_3' title="bbox 147 593 1378 678; baseline -0.009 -15"><span class='ocrx_word' id='word_1_15' title='bbox 147 665 149 668; x_wconf 75' lang='grc'><strong>,</strong></span> <span class='ocrx_word' id='word_1_16' title='bbox 231 605 341 678; x_wconf 84' lang='lat' dir='ltr'><strong>dicitur,</strong></span> <span class='ocrx_word' id='word_1_17' title='bbox 369 602 405 660; x_wconf 90' lang='lat' dir='ltr'><strong>ab</strong></span> <span class='ocrx_word' id='word_1_18' title='bbox 433 600 589 671; x_wconf 85' lang='lat' dir='ltr'><strong>codemque</strong></span> <span class='ocrx_word' id='word_1_19' title='bbox 611 595 648 652; x_wconf 87' lang='lat' dir='ltr'><strong>ad</strong></span> <span class='ocrx_word' id='word_1_20' title='bbox 671 595 775 653; x_wconf 87' lang='lat' dir='ltr'><strong>bellum</strong></span> <span class='ocrx_word' id='word_1_21' title='bbox 795 594 937 654; x_wconf 88' lang='lat' dir='ltr'><strong>Persicum</strong></span> <span class='ocrx_word' id='word_1_22' title='bbox 960 593 1041 670; x_wconf 91' lang='lat' dir='ltr'><strong>epico</strong></span> <span class='ocrx_word' id='word_1_23' title='bbox 1064 594 1185 650; x_wconf 86' lang='lat' dir='ltr'><strong>carmine</strong></span> <span class='ocrx_word' id='word_1_24' title='bbox 1213 595 1378 652; x_wconf 90' lang='lat' dir='ltr'><strong>canendum</strong></span> 
     </span>
     <span class='ocr_line' id='line_1_4' title="bbox 233 676 1382 760; baseline -0.01 -12"><span class='ocrx_word' id='word_1_25' title='bbox 233 689 369 748; x_wconf 80' lang='lat' dir='ltr'><strong>excitatus</strong></span> <span class='ocrx_word' id='word_1_26' title='bbox 389 701 451 744; x_wconf 87' lang='lat' dir='ltr'><strong>esse</strong></span> <span class='ocrx_word' id='word_1_27' title='bbox 473 681 632 760; x_wconf 89' lang='lat' dir='ltr'><strong>perhibetur</strong></span> <span class='ocrx_word' id='word_1_28' title='bbox 647 676 767 755; x_wconf 82' lang='lat' dir='ltr'><strong>(Naecl.</strong></span> <span class='ocrx_word' id='word_1_29' title='bbox 783 679 904 736; x_wconf 86' lang='lat' dir='ltr'><strong>Choeril.</strong></span> <span class='ocrx_word' id='word_1_30' title='bbox 925 697 952 756; x_wconf 88' lang='lat' dir='ltr'><strong>p.</strong></span> <span class='ocrx_word' id='word_1_31' title='bbox 972 681 1007 736; x_wconf 77' lang='lat'><strong>19</strong></span> <span class='ocrx_word' id='word_1_32' title='bbox 1023 695 1085 751; x_wconf 87' lang='lat' dir='ltr'><strong>sqq.</strong></span> <span class='ocrx_word' id='word_1_33' title='bbox 1105 682 1148 736; x_wconf 75' lang='lat'><strong>24.</strong></span> <span class='ocrx_word' id='word_1_34' title='bbox 1168 679 1237 752; x_wconf 73' lang='lat' dir='ltr'><strong>nu).</strong></span> <span class='ocrx_word' id='word_1_35' title='bbox 1262 677 1382 736; x_wconf 82' lang='lat' dir='ltr'>Deinde</span> 
     </span>
     <span class='ocr_line' id='line_1_5' title="bbox 233 761 1380 843; baseline -0.009 -13"><span class='ocrx_word' id='word_1_36' title='bbox 233 772 316 831; x_wconf 88' lang='lat' dir='ltr'><strong>etiam</strong></span> <span class='ocrx_word' id='word_1_37' title='bbox 341 785 404 828; x_wconf 88' lang='lat' dir='ltr'><strong>cum</strong></span> <span class='ocrx_word' id='word_1_38' title='bbox 428 765 569 843; x_wconf 83' lang='lat' dir='ltr'>Sophocle</span> <span class='ocrx_word' id='word_1_39' title='bbox 591 769 717 819; x_wconf 89' lang='lat' dir='ltr'><strong>nostrum</strong></span> <span class='ocrx_word' id='word_1_40' title='bbox 738 781 874 820; x_wconf 89' lang='lat' dir='ltr'><strong>summam</strong></span> <span class='ocrx_word' id='word_1_41' title='bbox 894 761 1067 819; x_wconf 74' lang='lat' dir='ltr'><strong>contraxisse</strong></span> <span class='ocrx_word' id='word_1_42' title='bbox 1089 761 1307 819; x_wconf 82' lang='lat' dir='ltr'><strong>familiaritatem</strong></span> <span class='ocrx_word' id='word_1_43' title='bbox 1319 781 1380 820; x_wconf 90' lang='lat' dir='ltr'><strong>uon</strong></span> 
     </span>
     <span class='ocr_line' id='line_1_6' title="bbox 232 842 1380 928; baseline -0.008 -16"><span class='ocrx_word' id='word_1_44' title='bbox 232 854 322 912; x_wconf 89' lang='lat' dir='ltr'><strong>solum</strong></span> <span class='ocrx_word' id='word_1_45' title='bbox 347 853 518 928; x_wconf 80' lang='lat' dir='ltr'><strong>epigramma</strong></span> <span class='ocrx_word' id='word_1_46' title='bbox 540 846 684 922; x_wconf 82' lang='lat' dir='ltr'><strong>quoddam</strong></span> <span class='ocrx_word' id='word_1_47' title='bbox 709 847 786 923; x_wconf 85' lang='lat' dir='ltr'><strong>apud</strong></span> <span class='ocrx_word' id='word_1_48' title='bbox 805 845 982 904; x_wconf 74' lang='lat' dir='ltr'><strong>Plutarchum</strong></span> <span class='ocrx_word' id='word_1_49' title='bbox 998 845 1111 902; x_wconf 82' lang='lat' dir='ltr'><strong>obvium</strong></span> <span class='ocrx_word' id='word_1_50' title='bbox 1133 847 1213 918; x_wconf 90' lang='lat' dir='ltr'><strong>(vide</strong></span> <span class='ocrx_word' id='word_1_51' title='bbox 1228 842 1317 920; x_wconf 81' lang='lat' dir='ltr'><strong>Prot,</strong></span> <span class='ocrx_word' id='word_1_52' title='bbox 1342 863 1380 904; x_wconf 80' lang='lat' dir='ltr'><strong>un</strong></span> 
     </span>
     <span class='ocr_line' id='line_1_7' title="bbox 234 929 1382 1012; baseline -0.009 -16"><span class='ocrx_word' id='word_1_53' title='bbox 234 938 292 996; x_wconf 84' lang='lat' dir='ltr'><strong>seni</strong></span> <span class='ocrx_word' id='word_1_54' title='bbox 313 935 428 1012; x_wconf 86' lang='lat' dir='ltr'><strong>gerend.</strong></span> <span class='ocrx_word' id='word_1_55' title='bbox 455 951 527 1010; x_wconf 83' lang='lat' dir='ltr'><strong>resp.</strong></span> <span class='ocrx_word' id='word_1_56' title='bbox 550 949 574 992; x_wconf 80' lang='lat' dir='ltr'><strong>c</strong></span> <span class='ocrx_word' id='word_1_57' title='bbox 595 933 622 989; x_wconf 85' lang='grc'><strong>3.</strong></span> <span class='ocrx_word' id='word_1_58' title='bbox 651 930 747 1005; x_wconf 81' lang='lat' dir='ltr'><strong>Heyse</strong></span> <span class='ocrx_word' id='word_1_59' title='bbox 773 929 791 987; x_wconf 96' lang='grc' dir='ltr'><strong>Ι.</strong></span> <span class='ocrx_word' id='word_1_60' title='bbox 820 930 839 988; x_wconf 93' lang='grc' dir='ltr'><strong>Ι.</strong></span> <span class='ocrx_word' id='word_1_61' title='bbox 867 949 896 1006; x_wconf 90' lang='lat' dir='ltr'><strong>p.</strong></span> <span class='ocrx_word' id='word_1_62' title='bbox 923 933 958 988; x_wconf 83' lang='grc'><strong>66</strong></span> <span class='ocrx_word' id='word_1_63' title='bbox 988 946 1050 1004; x_wconf 89' lang='lat' dir='ltr'><strong>sqq.</strong></span> <span class='ocrx_word' id='word_1_64' title='bbox 1077 929 1113 990; x_wconf 87' lang='lat' dir='ltr'><strong>C.</strong></span> <span class='ocrx_word' id='word_1_65' title='bbox 1143 929 1190 986; x_wconf 86' lang='lat' dir='ltr'><strong>Fr.</strong></span> <span class='ocrx_word' id='word_1_66' title='bbox 1219 929 1382 986; x_wconf 86' lang='lat' dir='ltr'><strong>Hermanni</strong></span> 
     </span>
     <span class='ocr_line' id='line_1_8' title="bbox 233 1012 1381 1099; baseline -0.007 -21"><span class='ocrx_word' id='word_1_67' title='bbox 233 1021 380 1099; x_wconf 86' lang='lat' dir='ltr'><strong>epistolam</strong></span> <span class='ocrx_word' id='word_1_68' title='bbox 405 1019 442 1075; x_wconf 90' lang='lat' dir='ltr'><strong>ad</strong></span> <span class='ocrx_word' id='word_1_69' title='bbox 464 1015 614 1074; x_wconf 84' lang='lat' dir='ltr'><strong>Baehrium</strong></span> <span class='ocrx_word' id='word_1_70' title='bbox 639 1014 666 1070; x_wconf 94' lang='lat' dir='ltr'><strong>in</strong></span> <span class='ocrx_word' id='word_1_71' title='bbox 688 1013 798 1070; x_wconf 82' lang='lat' dir='ltr'><strong>Baehrii</strong></span> <span class='ocrx_word' id='word_1_72' title='bbox 823 1013 892 1071; x_wconf 80' lang='lat' dir='ltr'><strong>edit:</strong></span> <span class='ocrx_word' id='word_1_73' title='bbox 912 1013 1020 1071; x_wconf 85' lang='lat' dir='ltr'><strong>Herod.</strong></span> <span class='ocrx_word' id='word_1_74' title='bbox 1045 1012 1106 1075; x_wconf 86' lang='lat' dir='ltr'><strong>Vol.</strong></span> <span class='ocrx_word' id='word_1_75' title='bbox 1129 1013 1165 1071; x_wconf 94' lang='lat' dir='ltr'><strong>ll.</strong></span> <span class='ocrx_word' id='word_1_76' title='bbox 1180 1013 1298 1071; x_wconf 85' lang='lat' dir='ltr'><strong>Excurs.</strong></span> <span class='ocrx_word' id='word_1_77' title='bbox 1313 1014 1381 1092; x_wconf 86' lang='lat' dir='ltr'><strong>vl.)</strong></span> 
     </span>
     <span class='ocr_line' id='line_1_9' title="bbox 234 1090 1381 1171; baseline -0.008 -8"><span class='ocrx_word' id='word_1_78' title='bbox 234 1105 307 1163; x_wconf 89' lang='lat' dir='ltr'><strong>clare</strong></span> <span class='ocrx_word' id='word_1_79' title='bbox 325 1106 419 1170; x_wconf 85' lang='lat' dir='ltr'><strong>docet,</strong></span> <span class='ocrx_word' id='word_1_80' title='bbox 446 1098 604 1158; x_wconf 85' lang='lat' dir='ltr'><strong>sedetiam</strong></span> <span class='ocrx_word' id='word_1_81' title='bbox 635 1115 669 1154; x_wconf 84' lang='lat' dir='ltr'><strong>ex</strong></span> <span class='ocrx_word' id='word_1_82' title='bbox 695 1090 887 1156; x_wconf 83' lang='lat' dir='ltr'><strong>communibus</strong></span> <span class='ocrx_word' id='word_1_83' title='bbox 915 1097 1029 1171; x_wconf 86' lang='lat' dir='ltr'><strong>utrique</strong></span> <span class='ocrx_word' id='word_1_84' title='bbox 1058 1097 1199 1154; x_wconf 83' lang='lat' dir='ltr'><strong>nonnullis</strong></span> <span class='ocrx_word' id='word_1_85' title='bbox 1230 1099 1381 1156; x_wconf 80' lang='lat' dir='ltr'><strong>sententiis</strong></span> 
     </span>
     <span class='ocr_line' id='line_1_10' title="bbox 235 1180 1380 1258; baseline -0.006 -13"><span class='ocrx_word' id='word_1_86' title='bbox 235 1193 311 1245; x_wconf 87' lang='lat' dir='ltr'><strong>recte</strong></span> <span class='ocrx_word' id='word_1_87' title='bbox 336 1185 430 1244; x_wconf 87' lang='lat' dir='ltr'><strong>similis</strong></span> <span class='ocrx_word' id='word_1_88' title='bbox 451 1183 591 1258; x_wconf 85' lang='lat' dir='ltr'><strong>quaedam</strong></span> <span class='ocrx_word' id='word_1_89' title='bbox 615 1180 719 1257; x_wconf 83' lang='lat' dir='ltr'><strong>ingenii</strong></span> <span class='ocrx_word' id='word_1_90' title='bbox 741 1182 868 1238; x_wconf 89' lang='lat' dir='ltr'><strong>condicio</strong></span> <span class='ocrx_word' id='word_1_91' title='bbox 889 1181 1017 1238; x_wconf 89' lang='lat' dir='ltr'><strong>concludi</strong></span> <span class='ocrx_word' id='word_1_92' title='bbox 1044 1197 1129 1257; x_wconf 91' lang='lat' dir='ltr'><strong>posse</strong></span> <span class='ocrx_word' id='word_1_93' title='bbox 1158 1181 1224 1238; x_wconf 89' lang='lat' dir='ltr'><strong>mihi</strong></span> <span class='ocrx_word' id='word_1_94' title='bbox 1255 1183 1380 1244; x_wconf 88' lang='lat' dir='ltr'><strong>videtur.</strong></span> 
     </span>
     <span class='ocr_line' id='line_1_11' title="bbox 235 1263 1380 1346; baseline -0.006 -17"><span class='ocrx_word' id='word_1_95' title='bbox 235 1269 312 1329; x_wconf 85' lang='lat' dir='ltr'><strong>Nam</strong></span> <span class='ocrx_word' id='word_1_96' title='bbox 337 1270 416 1346; x_wconf 87' lang='lat' dir='ltr'><strong>quod</strong></span> <span class='ocrx_word' id='word_1_97' title='bbox 437 1269 501 1324; x_wconf 90' lang='lat' dir='ltr'><strong>hinc</strong></span> <span class='ocrx_word' id='word_1_98' title='bbox 523 1266 653 1322; x_wconf 85' lang='lat' dir='ltr'><strong>Clemens</strong></span> <span class='ocrx_word' id='word_1_99' title='bbox 677 1263 881 1324; x_wconf 81' lang='lat' dir='ltr'><strong>Alexandrinus</strong></span> <span class='ocrx_word' id='word_1_100' title='bbox 903 1267 1029 1338; x_wconf 88' lang='lat' dir='ltr'><strong>(Strom.</strong></span> <span class='ocrx_word' id='word_1_101' title='bbox 1058 1264 1107 1321; x_wconf 87' lang='lat' dir='ltr'><strong>Vl.</strong></span> <span class='ocrx_word' id='word_1_102' title='bbox 1134 1283 1163 1341; x_wconf 91' lang='lat' dir='ltr'><strong>p.</strong></span> <span class='ocrx_word' id='word_1_103' title='bbox 1196 1269 1247 1322; x_wconf 75' lang='lat' dir='ltr'><strong>um</strong></span> <span class='ocrx_word' id='word_1_104' title='bbox 1278 1267 1380 1341; x_wconf 87' lang='lat' dir='ltr'><strong>Sylb.)</strong></span> 
     </span>
     <span class='ocr_line' id='line_1_12' title="bbox 234 1347 1381 1426; baseline -0.006 -13"><span class='ocrx_word' id='word_1_105' title='bbox 234 1356 301 1413; x_wconf 80' lang='lat' dir='ltr'><strong>furti</strong></span> <span class='ocrx_word' id='word_1_106' title='bbox 324 1353 502 1411; x_wconf 87' lang='lat' dir='ltr'><strong>Herodotum</strong></span> <span class='ocrx_word' id='word_1_107' title='bbox 524 1349 634 1426; x_wconf 82' lang='lat' dir='ltr'><strong>arguit,</strong></span> <span class='ocrx_word' id='word_1_108' title='bbox 654 1367 714 1406; x_wconf 51' lang='lat' dir='ltr'><strong>¹nou</strong></span> <span class='ocrx_word' id='word_1_109' title='bbox 739 1349 855 1406; x_wconf 90' lang='lat' dir='ltr'><strong>multum</strong></span> <span class='ocrx_word' id='word_1_110' title='bbox 877 1349 942 1406; x_wconf 91' lang='lat' dir='ltr'><strong>huic</strong></span> <span class='ocrx_word' id='word_1_111' title='bbox 968 1347 1175 1426; x_wconf 78' lang='lat' dir='ltr'><strong>exprobrationi</strong></span> <span class='ocrx_word' id='word_1_112' title='bbox 1196 1349 1381 1406; x_wconf 88' lang='lat' dir='ltr'><strong>tribuendum</strong></span> 
     </span>
     <span class='ocr_line' id='line_1_13' title="bbox 235 1431 1380 1512; baseline -0.005 -16"><span class='ocrx_word' id='word_1_113' title='bbox 235 1457 312 1512; x_wconf 85' lang='lat' dir='ltr'><strong>esse,</strong></span> <span class='ocrx_word' id='word_1_114' title='bbox 339 1435 476 1494; x_wconf 91' lang='lat' dir='ltr'><strong>neminem</strong></span> <span class='ocrx_word' id='word_1_115' title='bbox 501 1433 591 1508; x_wconf 80' lang='lat' dir='ltr'><strong>sugit,</strong></span> <span class='ocrx_word' id='word_1_116' title='bbox 614 1449 700 1506; x_wconf 87' lang='lat' dir='ltr'><strong>quurn</strong></span> <span class='ocrx_word' id='word_1_117' title='bbox 729 1431 805 1490; x_wconf 90' lang='lat' dir='ltr'><strong>illum</strong></span> <span class='ocrx_word' id='word_1_118' title='bbox 832 1439 930 1490; x_wconf 88' lang='lat' dir='ltr'><strong>notum</strong></span> <span class='ocrx_word' id='word_1_119' title='bbox 961 1434 997 1491; x_wconf 86' lang='lat' dir='ltr'><strong>sit</strong></span> <span class='ocrx_word' id='word_1_120' title='bbox 1026 1451 1136 1509; x_wconf 86' lang='lat' dir='ltr'><strong>semper</strong></span> <span class='ocrx_word' id='word_1_121' title='bbox 1164 1434 1225 1490; x_wconf 83' lang='lat' dir='ltr'><strong>scre</strong></span> <span class='ocrx_word' id='word_1_122' title='bbox 1258 1433 1380 1490; x_wconf 88' lang='lat' dir='ltr'><strong>alterum</strong></span> 
     </span>
     <span class='ocr_line' id='line_1_14' title="bbox 190 1516 1382 1596; baseline -0.007 -14"><span class='ocrx_word' id='word_1_123' title='bbox 190 1576 194 1582; x_wconf 89' lang='lat'><em>.</em></span> <span class='ocrx_word' id='word_1_124' title='bbox 236 1539 332 1579; x_wconf 84' lang='lat' dir='ltr'><strong>eorum</strong></span> <span class='ocrx_word' id='word_1_125' title='bbox 353 1521 529 1596; x_wconf 88' lang='lat' dir='ltr'><strong>scriptorum,</strong></span> <span class='ocrx_word' id='word_1_126' title='bbox 551 1518 623 1576; x_wconf 89' lang='lat' dir='ltr'><strong>inter</strong></span> <span class='ocrx_word' id='word_1_127' title='bbox 647 1535 719 1591; x_wconf 90' lang='lat' dir='ltr'><strong>quos</strong></span> <span class='ocrx_word' id='word_1_128' title='bbox 741 1517 847 1590; x_wconf 89' lang='lat' dir='ltr'><strong>aliquid</strong></span> <span class='ocrx_word' id='word_1_129' title='bbox 869 1533 1016 1574; x_wconf 89' lang='lat' dir='ltr'><strong>commone</strong></span> <span class='ocrx_word' id='word_1_130' title='bbox 1037 1516 1242 1587; x_wconf 83' lang='lat' dir='ltr'><strong>intercesserit,</strong></span> <span class='ocrx_word' id='word_1_131' title='bbox 1268 1517 1382 1594; x_wconf 86' lang='lat' dir='ltr'><strong>plagia-</strong></span> 
     </span>
     <span class='ocr_line' id='line_1_15' title="bbox 237 1599 1380 1680; baseline -0.005 -18"><span class='ocrx_word' id='word_1_132' title='bbox 237 1606 270 1662; x_wconf 90' lang='lat' dir='ltr'><strong>rii</strong></span> <span class='ocrx_word' id='word_1_133' title='bbox 295 1604 447 1680; x_wconf 83' lang='lat' dir='ltr'><strong>ignominia</strong></span> <span class='ocrx_word' id='word_1_134' title='bbox 469 1609 593 1674; x_wconf 83' lang='lat' dir='ltr'><strong>notasse,</strong></span> <span class='ocrx_word' id='word_1_135' title='bbox 615 1619 705 1676; x_wconf 89' lang='lat' dir='ltr'><strong>eaque</strong></span> <span class='ocrx_word' id='word_1_136' title='bbox 726 1619 761 1657; x_wconf 82' lang='lat' dir='ltr'><strong>er</strong></span> <span class='ocrx_word' id='word_1_137' title='bbox 785 1617 868 1658; x_wconf 86' lang='lat' dir='ltr'><strong>causa</strong></span> <span class='ocrx_word' id='word_1_138' title='bbox 887 1601 947 1674; x_wconf 83' lang='lat' dir='ltr'><strong>jum</strong></span> <span class='ocrx_word' id='word_1_139' title='bbox 969 1599 1077 1658; x_wconf 87' lang='lat' dir='ltr'><strong>dudum</strong></span> <span class='ocrx_word' id='word_1_140' title='bbox 1099 1600 1185 1657; x_wconf 89' lang='lat' dir='ltr'><strong>fidem</strong></span> <span class='ocrx_word' id='word_1_141' title='bbox 1205 1601 1283 1677; x_wconf 89' lang='lat' dir='ltr'><strong>apud</strong></span> <span class='ocrx_word' id='word_1_142' title='bbox 1309 1603 1380 1657; x_wconf 90' lang='lat' dir='ltr'><strong>doc-</strong></span> 
     </span>
     <span class='ocr_line' id='line_1_16' title="bbox 236 1684 1383 1762; baseline -0.004 -17"><span class='ocrx_word' id='word_1_143' title='bbox 236 1695 282 1747; x_wconf 87' lang='lat' dir='ltr'><strong>tos</strong></span> <span class='ocrx_word' id='word_1_144' title='bbox 304 1688 378 1745; x_wconf 85' lang='lat' dir='ltr'><strong>riros</strong></span> <span class='ocrx_word' id='word_1_145' title='bbox 401 1687 545 1744; x_wconf 79' lang='lat' dir='ltr'><strong>decoxisse</strong></span> <span class='ocrx_word' id='word_1_146' title='bbox 569 1684 618 1762; x_wconf 83' lang='lat' dir='ltr'><strong>(cs.</strong></span> <span class='ocrx_word' id='word_1_147' title='bbox 644 1684 794 1759; x_wconf 82' lang='lat' dir='ltr'><strong>etPuugk.</strong></span> <span class='ocrx_word' id='word_1_148' title='bbox 820 1686 858 1743; x_wconf 89' lang='lat' dir='ltr'><strong>de</strong></span> <span class='ocrx_word' id='word_1_149' title='bbox 878 1684 1068 1762; x_wconf 83' lang='lat' dir='ltr'><strong>Theopompo</strong></span> <span class='ocrx_word' id='word_1_150' title='bbox 1095 1684 1166 1741; x_wconf 89' lang='lat' dir='ltr'><strong>Chio</strong></span> <span class='ocrx_word' id='word_1_151' title='bbox 1181 1704 1210 1761; x_wconf 90' lang='lat' dir='ltr'><strong>p.</strong></span> <span class='ocrx_word' id='word_1_152' title='bbox 1226 1686 1295 1758; x_wconf 76' lang='lat' dir='ltr'><strong>aa).</strong></span> <span class='ocrx_word' id='word_1_153' title='bbox 1320 1685 1383 1741; x_wconf 87' lang='lat' dir='ltr'><strong>Sed</strong></span> 
     </span>
     <span class='ocr_line' id='line_1_17' title="bbox 236 1767 1381 1849; baseline -0.005 -19"><span class='ocrx_word' id='word_1_154' title='bbox 236 1791 295 1832; x_wconf 87' lang='lat' dir='ltr'><strong>non</strong></span> <span class='ocrx_word' id='word_1_155' title='bbox 318 1771 468 1849; x_wconf 73' lang='lat' dir='ltr'><strong>Sophoclis</strong></span> <span class='ocrx_word' id='word_1_156' title='bbox 495 1769 584 1826; x_wconf 84' lang='lat' dir='ltr'><strong>solutu</strong></span> <span class='ocrx_word' id='word_1_157' title='bbox 607 1768 636 1826; x_wconf 90' lang='lat' dir='ltr'><strong>in</strong></span> <span class='ocrx_word' id='word_1_158' title='bbox 663 1769 793 1825; x_wconf 88' lang='lat' dir='ltr'><strong>notitiam</strong></span> <span class='ocrx_word' id='word_1_159' title='bbox 819 1775 848 1826; x_wconf 91' lang='lat' dir='ltr'><strong>et</strong></span> <span class='ocrx_word' id='word_1_160' title='bbox 878 1768 1093 1825; x_wconf 81' lang='lat' dir='ltr'><strong>familiaritatem</strong></span> <span class='ocrx_word' id='word_1_161' title='bbox 1121 1768 1301 1824; x_wconf 90' lang='lat' dir='ltr'><strong>Herodotum</strong></span> <span class='ocrx_word' id='word_1_162' title='bbox 1332 1767 1381 1824; x_wconf 94' lang='lat' dir='ltr'><strong>illo</strong></span> 
     </span>
     <span class='ocr_line' id='line_1_18' title="bbox 238 1850 1383 1934; baseline -0.005 -20"><span class='ocrx_word' id='word_1_163' title='bbox 238 1864 376 1934; x_wconf 86' lang='lat' dir='ltr'><strong>tempore,</strong></span> <span class='ocrx_word' id='word_1_164' title='bbox 398 1874 455 1932; x_wconf 93' lang='lat' dir='ltr'><strong>quo</strong></span> <span class='ocrx_word' id='word_1_165' title='bbox 481 1850 596 1910; x_wconf 81' lang='lat' dir='ltr'><strong>Athenis</strong></span> <span class='ocrx_word' id='word_1_166' title='bbox 622 1852 685 1923; x_wconf 81' lang='lat' dir='ltr'><strong>soit,</strong></span> <span class='ocrx_word' id='word_1_167' title='bbox 708 1852 816 1910; x_wconf 78' lang='lat' dir='ltr'><strong>uenisse</strong></span> <span class='ocrx_word' id='word_1_168' title='bbox 836 1852 981 1910; x_wconf 83' lang='lat' dir='ltr'><strong>verisimile</strong></span> <span class='ocrx_word' id='word_1_169' title='bbox 1004 1857 1059 1924; x_wconf 91' lang='lat' dir='ltr'><strong>est,</strong></span> <span class='ocrx_word' id='word_1_170' title='bbox 1082 1871 1177 1910; x_wconf 88' lang='lat' dir='ltr'><strong>verum</strong></span> <span class='ocrx_word' id='word_1_171' title='bbox 1200 1853 1285 1910; x_wconf 89' lang='lat' dir='ltr'><strong>etiarn</strong></span> <span class='ocrx_word' id='word_1_172' title='bbox 1308 1851 1383 1908; x_wconf 86' lang='lat' dir='ltr'><strong>alio-</strong></span> 
     </span>
     <span class='ocr_line' id='line_1_19' title="bbox 238 1935 1381 2012; baseline -0.005 -14"><span class='ocrx_word' id='word_1_173' title='bbox 238 1959 299 1998; x_wconf 86' lang='lat' dir='ltr'><strong>rum</strong></span> <span class='ocrx_word' id='word_1_174' title='bbox 320 1946 387 1997; x_wconf 90' lang='lat' dir='ltr'><strong>tunc</strong></span> <span class='ocrx_word' id='word_1_175' title='bbox 412 1937 626 1996; x_wconf 85' lang='lat' dir='ltr'><strong>clarissimorum</strong></span> <span class='ocrx_word' id='word_1_176' title='bbox 656 1937 792 2007; x_wconf 84' lang='lat' dir='ltr'><strong>virorum,</strong></span> <span class='ocrx_word' id='word_1_177' title='bbox 822 1937 956 2012; x_wconf 83' lang='lat' dir='ltr'><strong>imprimis</strong></span> <span class='ocrx_word' id='word_1_178' title='bbox 985 1935 1214 2010; x_wconf 72' lang='lat' dir='ltr'><strong>tragoedorum</strong></span> <span class='ocrx_word' id='word_1_179' title='bbox 1248 1935 1381 2001; x_wconf 89' lang='lat' dir='ltr'><strong>Quorum</strong></span> 
     </span>
     <span class='ocr_line' id='line_1_20' title="bbox 238 2019 1382 2082; baseline -0.006 0"><span class='ocrx_word' id='word_1_180' title='bbox 238 2023 481 2082; x_wconf 72' lang='lat' dir='ltr'><strong>eriamiliaritate</strong></span> <span class='ocrx_word' id='word_1_181' title='bbox 501 2027 530 2078; x_wconf 90' lang='lat' dir='ltr'><strong>et</strong></span> <span class='ocrx_word' id='word_1_182' title='bbox 550 2021 715 2078; x_wconf 89' lang='lat' dir='ltr'><strong>commercio</strong></span> <span class='ocrx_word' id='word_1_183' title='bbox 736 2020 811 2078; x_wconf 93' lang='lat' dir='ltr'><strong>haud</strong></span> <span class='ocrx_word' id='word_1_184' title='bbox 823 2020 943 2076; x_wconf 89' lang='lat' dir='ltr'><strong>alienum</strong></span> <span class='ocrx_word' id='word_1_185' title='bbox 956 2037 1018 2076; x_wconf 90' lang='lat' dir='ltr'><strong>esse</strong></span> <span class='ocrx_word' id='word_1_186' title='bbox 1042 2019 1153 2076; x_wconf 84' lang='lat' dir='ltr'><strong>videtur</strong></span> <span class='ocrx_word' id='word_1_187' title='bbox 1169 2025 1293 2077; x_wconf 76' lang='lat' dir='ltr'><strong>statuere</strong></span> <span class='ocrx_word' id='word_1_188' title='bbox 1310 2020 1382 2080; x_wconf 85' lang='lat' dir='ltr'><strong>istas</strong></span> 
     </span>
     <span class='ocr_line' id='line_1_21' title="bbox 238 2103 1381 2182; baseline -0.005 -17"><span class='ocrx_word' id='word_1_189' title='bbox 238 2107 336 2165; x_wconf 84' lang='lat' dir='ltr'><strong>crebro</strong></span> <span class='ocrx_word' id='word_1_190' title='bbox 362 2107 439 2182; x_wconf 90' lang='lat' dir='ltr'><strong>apud</strong></span> <span class='ocrx_word' id='word_1_191' title='bbox 462 2105 641 2164; x_wconf 89' lang='lat' dir='ltr'><strong>Herodotum</strong></span> <span class='ocrx_word' id='word_1_192' title='bbox 662 2104 759 2160; x_wconf 85' lang='lat' dir='ltr'><strong>obvias</strong></span> <span class='ocrx_word' id='word_1_193' title='bbox 781 2104 916 2160; x_wconf 78' lang='lat' dir='ltr'><strong>dictiones</strong></span> <span class='ocrx_word' id='word_1_194' title='bbox 941 2103 1066 2176; x_wconf 82' lang='lat' dir='ltr'><strong>fluxisse,</strong></span> <span class='ocrx_word' id='word_1_195' title='bbox 1090 2121 1164 2178; x_wconf 90' lang='lat' dir='ltr'><strong>quae</strong></span> <span class='ocrx_word' id='word_1_196' title='bbox 1196 2104 1315 2180; x_wconf 89' lang='lat' dir='ltr'><strong>propius</strong></span> <span class='ocrx_word' id='word_1_197' title='bbox 1342 2105 1381 2159; x_wconf 86' lang='lat' dir='ltr'><strong>ad</strong></span> 
     </span>
     <span class='ocr_line' id='line_1_22' title="bbox 239 2187 1382 2262; baseline -0.003 -14"><span class='ocrx_word' id='word_1_198' title='bbox 239 2189 424 2248; x_wconf 87' lang='lat' dir='ltr'><strong>dramaticum</strong></span> <span class='ocrx_word' id='word_1_199' title='bbox 448 2188 618 2262; x_wconf 76' lang='lat' dir='ltr'><strong>tragicorum</strong></span> <span class='ocrx_word' id='word_1_200' title='bbox 642 2187 754 2244; x_wconf 88' lang='lat' dir='ltr'><strong>dicendi</strong></span> <span class='ocrx_word' id='word_1_201' title='bbox 775 2205 864 2261; x_wconf 85' lang='lat' dir='ltr'><strong>genus</strong></span> <span class='ocrx_word' id='word_1_202' title='bbox 886 2188 1030 2258; x_wconf 86' lang='lat' dir='ltr'><strong>accedant,</strong></span> <span class='ocrx_word' id='word_1_203' title='bbox 1057 2205 1127 2261; x_wconf 86' lang='lat' dir='ltr'><strong>quas</strong></span> <span class='ocrx_word' id='word_1_204' title='bbox 1150 2188 1235 2245; x_wconf 91' lang='lat' dir='ltr'><strong>docte</strong></span> <span class='ocrx_word' id='word_1_205' title='bbox 1264 2187 1382 2261; x_wconf 81' lang='lat' dir='ltr'><strong>collegit</strong></span> 
     </span>
     <span class='ocr_line' id='line_1_23' title="bbox 239 2269 1380 2346; baseline -0.002 -14"><span class='ocrx_word' id='word_1_206' title='bbox 239 2273 467 2332; x_wconf 78' lang='lat' dir='ltr'><strong>Stadelmaunus-</strong></span> <span class='ocrx_word' id='word_1_207' title='bbox 480 2271 617 2345; x_wconf 67' lang='lat' dir='ltr'><strong>(disserta</strong></span> <span class='ocrx_word' id='word_1_208' title='bbox 639 2271 676 2328; x_wconf 89' lang='lat' dir='ltr'><strong>de</strong></span> <span class='ocrx_word' id='word_1_209' title='bbox 688 2269 836 2328; x_wconf 88' lang='lat' dir='ltr'><strong>Herodoto</strong></span> <span class='ocrx_word' id='word_1_210' title='bbox 858 2271 975 2346; x_wconf 88' lang='lat' dir='ltr'><strong>ejusque</strong></span> <span class='ocrx_word' id='word_1_211' title='bbox 1000 2271 1130 2340; x_wconf 87' lang='lat' dir='ltr'><strong>dialecto,</strong></span> <span class='ocrx_word' id='word_1_212' title='bbox 1154 2275 1223 2329; x_wconf 82' lang='lat'>1830</span> <span class='ocrx_word' id='word_1_213' title='bbox 1236 2275 1265 2328; x_wconf 91' lang='lat' dir='ltr'><strong>et</strong></span> <span class='ocrx_word' id='word_1_214' title='bbox 1285 2273 1380 2345; x_wconf 72' lang='lat'><strong>1832).</strong></span> 
     </span>
     <span class='ocr_line' id='line_1_24' title="bbox 239 2354 1382 2432; baseline -0.004 -17"><span class='ocrx_word' id='word_1_215' title='bbox 239 2357 408 2432; x_wconf 79' lang='lat' dir='ltr'><strong>Eodemque</strong></span> <span class='ocrx_word' id='word_1_216' title='bbox 434 2356 520 2414; x_wconf 91' lang='lat' dir='ltr'><strong>modo</strong></span> <span class='ocrx_word' id='word_1_217' title='bbox 545 2354 652 2429; x_wconf 83' lang='lat' dir='ltr'><strong>omnia,</strong></span> <span class='ocrx_word' id='word_1_218' title='bbox 681 2372 754 2429; x_wconf 88' lang='lat' dir='ltr'><strong>quac</strong></span> <span class='ocrx_word' id='word_1_219' title='bbox 780 2373 841 2412; x_wconf 91' lang='lat' dir='ltr'><strong>curn</strong></span> <span class='ocrx_word' id='word_1_220' title='bbox 870 2355 996 2414; x_wconf 88' lang='lat' dir='ltr'><strong>Homero</strong></span> <span class='ocrx_word' id='word_1_221' title='bbox 1023 2355 1187 2412; x_wconf 87' lang='lat' dir='ltr'><strong>Herodotus</strong></span> <span class='ocrx_word' id='word_1_222' title='bbox 1220 2355 1382 2412; x_wconf 89' lang='lat' dir='ltr'><strong>communia</strong></span> 
     </span>
     <span class='ocr_line' id='line_1_25' title="bbox 239 2439 1380 2516; baseline -0.004 -16"><span class='ocrx_word' id='word_1_223' title='bbox 239 2441 336 2511; x_wconf 89' lang='lat' dir='ltr'><strong>habet,</strong></span> <span class='ocrx_word' id='word_1_224' title='bbox 361 2440 452 2516; x_wconf 85' lang='lat' dir='ltr'><strong>colligi</strong></span> <span class='ocrx_word' id='word_1_225' title='bbox 476 2439 663 2514; x_wconf 81' lang='lat' dir='ltr'><strong>illustrarique</strong></span> <span class='ocrx_word' id='word_1_226' title='bbox 679 2445 797 2516; x_wconf 86' lang='lat' dir='ltr'><strong>possunt</strong></span> <span class='ocrx_word' id='word_1_227' title='bbox 816 2439 893 2516; x_wconf 86' lang='lat' dir='ltr'><strong>(vide</strong></span> <span class='ocrx_word' id='word_1_228' title='bbox 910 2439 1061 2514; x_wconf 82' lang='lat' dir='ltr'><strong>Boettiger.</strong></span> <span class='ocrx_word' id='word_1_229' title='bbox 1087 2439 1124 2496; x_wconf 91' lang='lat' dir='ltr'><strong>de</strong></span> <span class='ocrx_word' id='word_1_230' title='bbox 1145 2439 1252 2499; x_wconf 87' lang='lat' dir='ltr'><strong>Herod.</strong></span> <span class='ocrx_word' id='word_1_231' title='bbox 1276 2439 1380 2496; x_wconf 87' lang='lat' dir='ltr'><strong>Histo-</strong></span> 
     </span>
     <span class='ocr_line' id='line_1_26' title="bbox 239 2523 1380 2602; baseline -0.004 -18"><span class='ocrx_word' id='word_1_232' title='bbox 239 2527 280 2584; x_wconf 86' lang='lat' dir='ltr'><strong>ria</strong></span> <span class='ocrx_word' id='word_1_233' title='bbox 307 2526 345 2584; x_wconf 95' lang='lat' dir='ltr'><strong>ad</strong></span> <span class='ocrx_word' id='word_1_234' title='bbox 375 2525 460 2602; x_wconf 86' lang='lat' dir='ltr'><strong>epici</strong></span> <span class='ocrx_word' id='word_1_235' title='bbox 476 2523 602 2582; x_wconf 88' lang='lat' dir='ltr'><strong>carminis</strong></span> <span class='ocrx_word' id='word_1_236' title='bbox 631 2523 753 2582; x_wconf 87' lang='lat' dir='ltr'><strong>indolem</strong></span> <span class='ocrx_word' id='word_1_237' title='bbox 784 2524 898 2600; x_wconf 87' lang='lat' dir='ltr'><strong>propius</strong></span> <span class='ocrx_word' id='word_1_238' title='bbox 930 2523 1095 2598; x_wconf 79' lang='lat' dir='ltr'><strong>accedente,</strong></span> <span class='ocrx_word' id='word_1_239' title='bbox 1125 2523 1263 2580; x_wconf 86' lang='lat' dir='ltr'><strong>Vimariae</strong></span> <span class='ocrx_word' id='word_1_240' title='bbox 1299 2525 1380 2592; x_wconf 72' lang='lat'><strong>1792,</strong></span> 
     </span>
    </p>
   </div>
   <div class='ocr_carea' id='block_1_3' title="bbox 238 2607 1472 2688">
    <p class='ocr_par' dir='ltr' id='par_1_3' title="bbox 238 2607 1472 2688">
     <span class='ocr_line' id='line_1_27' title="bbox 238 2607 1472 2688; baseline -0.003 -21"><span class='ocrx_word' id='word_1_241' title='bbox 238 2631 267 2688; x_wconf 90' lang='lat' dir='ltr'><strong>p.</strong></span> <span class='ocrx_word' id='word_1_242' title='bbox 294 2616 321 2670; x_wconf 84' lang='lat'><strong>3.</strong></span> <span class='ocrx_word' id='word_1_243' title='bbox 364 2608 508 2686; x_wconf 85' lang='lat' dir='ltr'><strong>Wytteub.</strong></span> <span class='ocrx_word' id='word_1_244' title='bbox 535 2607 627 2671; x_wconf 79' lang='lat' dir='ltr'><strong>Praei,</strong></span> <span class='ocrx_word' id='word_1_245' title='bbox 654 2608 691 2665; x_wconf 89' lang='lat' dir='ltr'><strong>ad</strong></span> <span class='ocrx_word' id='word_1_246' title='bbox 721 2607 832 2663; x_wconf 89' lang='lat' dir='ltr'><strong>Selecta</strong></span> <span class='ocrx_word' id='word_1_247' title='bbox 860 2607 973 2685; x_wconf 88' lang='lat' dir='ltr'><strong>princip.</strong></span> <span class='ocrx_word' id='word_1_248' title='bbox 1003 2607 1139 2664; x_wconf 87' lang='lat' dir='ltr'><strong>Graeciae</strong></span> <span class='ocrx_word' id='word_1_249' title='bbox 1166 2607 1287 2679; x_wconf 73' lang='lat' dir='ltr'><strong>histor).</strong></span> <span class='ocrx_word' id='word_1_250' title='bbox 1333 2607 1382 2663; x_wconf 91' lang='lat' dir='ltr'><strong>Sic</strong></span> <span class='ocrx_word' id='word_1_251' title='bbox 1468 2615 1472 2628; x_wconf 78' lang='grc'><em>“</em></span> 
     </span>
    </p>
   </div>
   <div class='ocr_carea' id='block_1_4' title="bbox 239 2689 1382 2768">
    <p class='ocr_par' dir='ltr' id='par_1_4' title="bbox 239 2689 1382 2768">
     <span class='ocr_line' id='line_1_28' title="bbox 239 2689 1382 2768; baseline -0.007 -16"><span class='ocrx_word' id='word_1_252' title='bbox 239 2701 357 2766; x_wconf 86' lang='lat' dir='ltr'><strong>restant,</strong></span> <span class='ocrx_word' id='word_1_253' title='bbox 378 2711 451 2768; x_wconf 90' lang='lat' dir='ltr'><strong>quae</strong></span> <span class='ocrx_word' id='word_1_254' title='bbox 471 2691 585 2768; x_wconf 85' lang='lat' dir='ltr'><strong>proprie</strong></span> <span class='ocrx_word' id='word_1_255' title='bbox 602 2690 639 2746; x_wconf 90' lang='lat' dir='ltr'><strong>ad</strong></span> <span class='ocrx_word' id='word_1_256' title='bbox 663 2709 765 2747; x_wconf 87' lang='lat' dir='ltr'><strong>novam</strong></span> <span class='ocrx_word' id='word_1_257' title='bbox 785 2689 910 2748; x_wconf 89' lang='lat' dir='ltr'><strong>Jonicam</strong></span> <span class='ocrx_word' id='word_1_258' title='bbox 931 2689 1078 2748; x_wconf 87' lang='lat' dir='ltr'><strong>dialectum</strong></span> <span class='ocrx_word' id='word_1_259' title='bbox 1100 2692 1249 2766; x_wconf 87' lang='lat' dir='ltr'><strong>pertinent.</strong></span> <span class='ocrx_word' id='word_1_260' title='bbox 1272 2689 1382 2764; x_wconf 81' lang='lat' dir='ltr'><strong>Magna</strong></span> 
     </span>
    </p>
   </div>
   <div class='ocr_carea' id='block_1_5' title="bbox 155 2772 1382 2848">
    <p class='ocr_par' dir='ltr' id='par_1_5' title="bbox 155 2772 1382 2848">
     <span class='ocr_line' id='line_1_29' title="bbox 155 2772 1382 2848; baseline -0.005 -13"><span class='ocrx_word' id='word_1_261' title='bbox 155 2837 161 2846; x_wconf 67' lang='grc'>,</span> <span class='ocrx_word' id='word_1_262' title='bbox 239 2795 307 2835; x_wconf 84' lang='lat' dir='ltr'><strong>vero</strong></span> <span class='ocrx_word' id='word_1_263' title='bbox 328 2776 373 2832; x_wconf 93' lang='lat' dir='ltr'><strong>hic</strong></span> <span class='ocrx_word' id='word_1_264' title='bbox 394 2782 438 2832; x_wconf 83' lang='lat' dir='ltr'><strong>cst</strong></span> <span class='ocrx_word' id='word_1_265' title='bbox 458 2775 490 2829; x_wconf 91' lang='lat' dir='ltr'><strong>lis</strong></span> <span class='ocrx_word' id='word_1_266' title='bbox 511 2780 573 2830; x_wconf 87' lang='lat' dir='ltr'><strong>orta</strong></span> <span class='ocrx_word' id='word_1_267' title='bbox 593 2773 667 2830; x_wconf 87' lang='lat' dir='ltr'><strong>inter</strong></span> <span class='ocrx_word' id='word_1_268' title='bbox 698 2773 797 2830; x_wconf 87' lang='lat' dir='ltr'><strong>doctos</strong></span> <span class='ocrx_word' id='word_1_269' title='bbox 825 2776 909 2844; x_wconf 83' lang='lat' dir='ltr'><strong>viros,</strong></span> <span class='ocrx_word' id='word_1_270' title='bbox 935 2774 1024 2848; x_wconf 88' lang='lat' dir='ltr'><strong>qualis</strong></span> <span class='ocrx_word' id='word_1_271' title='bbox 1052 2775 1087 2831; x_wconf 91' lang='lat' dir='ltr'><strong>sit</strong></span> <span class='ocrx_word' id='word_1_272' title='bbox 1114 2774 1161 2830; x_wconf 85' lang='lat' dir='ltr'><strong>illa</strong></span> <span class='ocrx_word' id='word_1_273' title='bbox 1185 2792 1258 2831; x_wconf 87' lang='lat' dir='ltr'><strong>nova</strong></span> <span class='ocrx_word' id='word_1_274' title='bbox 1280 2772 1382 2830; x_wconf 88' lang='lat' dir='ltr'><strong>Jonica</strong></span> 
     </span>
    </p>
   </div>
   <div class='ocr_carea' id='block_1_6' title="bbox 231 2856 1386 3603">
    <p class='ocr_par' dir='ltr' id='par_1_6' title="bbox 231 2856 1386 3603">
     <span class='ocr_line' id='line_1_30' title="bbox 241 2856 1382 2934; baseline -0.005 -16"><span class='ocrx_word' id='word_1_275' title='bbox 241 2859 376 2918; x_wconf 88' lang='lat' dir='ltr'><strong>dialectus</strong></span> <span class='ocrx_word' id='word_1_276' title='bbox 405 2856 585 2930; x_wconf 85' lang='lat' dir='ltr'><strong>Herodotea,</strong></span> <span class='ocrx_word' id='word_1_277' title='bbox 608 2863 700 2914; x_wconf 90' lang='lat' dir='ltr'><strong>utrum</strong></span> <span class='ocrx_word' id='word_1_278' title='bbox 724 2856 770 2914; x_wconf 88' lang='lat' dir='ltr'><strong>illa</strong></span> <span class='ocrx_word' id='word_1_279' title='bbox 792 2857 1029 2934; x_wconf 83' lang='lat' dir='ltr'><strong>logographorurn</strong></span> <span class='ocrx_word' id='word_1_280' title='bbox 1058 2858 1192 2914; x_wconf 87' lang='lat' dir='ltr'><strong>dialectus</strong></span> <span class='ocrx_word' id='word_1_281' title='bbox 1220 2864 1307 2930; x_wconf 89' lang='lat' dir='ltr'><strong>atque</strong></span> <span class='ocrx_word' id='word_1_282' title='bbox 1337 2875 1382 2930; x_wconf 82' lang='lat' dir='ltr'><strong>ea,</strong></span> 
     </span>
     <span class='ocr_line' id='line_1_31' title="bbox 241 2939 1382 3019; baseline -0.004 -19"><span class='ocrx_word' id='word_1_283' title='bbox 241 2960 299 3019; x_wconf 88' lang='lat' dir='ltr'><strong>qna</strong></span> <span class='ocrx_word' id='word_1_284' title='bbox 319 2942 406 2999; x_wconf 87' lang='lat' dir='ltr'><strong>Jones</strong></span> <span class='ocrx_word' id='word_1_285' title='bbox 428 2940 539 2997; x_wconf 85' lang='lat' dir='ltr'><strong>Cariam</strong></span> <span class='ocrx_word' id='word_1_286' title='bbox 565 2939 687 2997; x_wconf 89' lang='lat' dir='ltr'><strong>colentes</strong></span> <span class='ocrx_word' id='word_1_287' title='bbox 710 2941 751 2998; x_wconf 90' lang='lat' dir='ltr'><strong>usi</strong></span> <span class='ocrx_word' id='word_1_288' title='bbox 774 2942 843 3019; x_wconf 80' lang='lat' dir='ltr'><strong>sint,</strong></span> <span class='ocrx_word' id='word_1_289' title='bbox 871 2960 907 2998; x_wconf 87' lang='lat' dir='ltr'><strong>ao</strong></span> <span class='ocrx_word' id='word_1_290' title='bbox 934 2943 1029 2998; x_wconf 86' lang='lat' dir='ltr'><strong>Samia</strong></span> <span class='ocrx_word' id='word_1_291' title='bbox 1058 2943 1205 3016; x_wconf 87' lang='lat' dir='ltr'><strong>quaedam.</strong></span> <span class='ocrx_word' id='word_1_292' title='bbox 1249 2939 1288 2996; x_wconf 89' lang='lat' dir='ltr'><strong>Et</strong></span> <span class='ocrx_word' id='word_1_293' title='bbox 1310 2939 1382 2996; x_wconf 89' lang='lat' dir='ltr'><strong>Gie-</strong></span> 
     </span>
     <span class='ocr_line' id='line_1_32' title="bbox 241 3025 1385 3101; baseline -0.004 -16"><span class='ocrx_word' id='word_1_294' title='bbox 241 3028 299 3086; x_wconf 88' lang='lat' dir='ltr'><strong>sius</strong></span> <span class='ocrx_word' id='word_1_295' title='bbox 322 3026 450 3101; x_wconf 88' lang='lat' dir='ltr'><strong>quidem,</strong></span> <span class='ocrx_word' id='word_1_296' title='bbox 472 3025 513 3080; x_wconf 82' lang='lat' dir='ltr'><strong>vir</strong></span> <span class='ocrx_word' id='word_1_297' title='bbox 534 3025 719 3096; x_wconf 85' lang='lat' dir='ltr'><strong>doctissimus,</strong></span> <span class='ocrx_word' id='word_1_298' title='bbox 745 3033 844 3083; x_wconf 89' lang='lat' dir='ltr'><strong>contra</strong></span> <span class='ocrx_word' id='word_1_299' title='bbox 866 3025 1019 3086; x_wconf 88' lang='lat' dir='ltr'><strong>Thierschii</strong></span> <span class='ocrx_word' id='word_1_300' title='bbox 1047 3026 1208 3101; x_wconf 83' lang='lat' dir='ltr'><strong>(grammat.</strong></span> <span class='ocrx_word' id='word_1_301' title='bbox 1237 3043 1279 3098; x_wconf 79' lang='lat' dir='ltr'><strong>gr.</strong></span> <span class='ocrx_word' id='word_1_302' title='bbox 1309 3043 1338 3100; x_wconf 85' lang='lat' dir='ltr'><strong>p.</strong></span> <span class='ocrx_word' id='word_1_303' title='bbox 1364 3027 1385 3080; x_wconf 81' lang='lat' dir='ltr'><strong>s</strong></span> 
     </span>
     <span class='ocr_line' id='line_1_33' title="bbox 241 3107 1383 3186; baseline -0.004 -18"><span class='ocrx_word' id='word_1_304' title='bbox 241 3113 301 3184; x_wconf 87' lang='lat' dir='ltr'><strong>sq.)</strong></span> <span class='ocrx_word' id='word_1_305' title='bbox 320 3109 493 3182; x_wconf 89' lang='lat' dir='ltr'><strong>aliorumque</strong></span> <span class='ocrx_word' id='word_1_306' title='bbox 507 3107 681 3180; x_wconf 88' lang='lat' dir='ltr'><strong>seutentiam,</strong></span> <span class='ocrx_word' id='word_1_307' title='bbox 704 3109 881 3166; x_wconf 82' lang='lat' dir='ltr'><strong>Herodotum</strong></span> <span class='ocrx_word' id='word_1_308' title='bbox 900 3108 1139 3186; x_wconf 80' lang='lat' dir='ltr'><strong>logographorum</strong></span> <span class='ocrx_word' id='word_1_309' title='bbox 1160 3107 1280 3165; x_wconf 87' lang='lat' dir='ltr'><strong>dialecto</strong></span> <span class='ocrx_word' id='word_1_310' title='bbox 1299 3125 1383 3164; x_wconf 88' lang='lat' dir='ltr'><strong>usum</strong></span> 
     </span>
     <span class='ocr_line' id='line_1_34' title="bbox 241 3191 1383 3269; baseline -0.005 -17"><span class='ocrx_word' id='word_1_311' title='bbox 241 3211 305 3260; x_wconf 82' lang='lat' dir='ltr'><strong>esse</strong></span> <span class='ocrx_word' id='word_1_312' title='bbox 331 3193 490 3261; x_wconf 89' lang='lat' dir='ltr'><strong>dicentium,</strong></span> <span class='ocrx_word' id='word_1_313' title='bbox 513 3192 656 3248; x_wconf 86' lang='lat' dir='ltr'><strong>contendit</strong></span> <span class='ocrx_word' id='word_1_314' title='bbox 667 3192 707 3267; x_wconf 80' lang='lat'><strong>*)‚</strong></span> <span class='ocrx_word' id='word_1_315' title='bbox 733 3193 829 3249; x_wconf 88' lang='lat' dir='ltr'><strong>Samia</strong></span> <span class='ocrx_word' id='word_1_316' title='bbox 847 3192 965 3250; x_wconf 87' lang='lat' dir='ltr'><strong>dialecto</strong></span> <span class='ocrx_word' id='word_1_317' title='bbox 982 3213 1044 3250; x_wconf 89' lang='lat' dir='ltr'><strong>eom</strong></span> <span class='ocrx_word' id='word_1_318' title='bbox 1063 3213 1143 3250; x_wconf 90' lang='lat' dir='ltr'><strong>usum</strong></span> <span class='ocrx_word' id='word_1_319' title='bbox 1161 3211 1231 3269; x_wconf 79' lang='lat' dir='ltr'><strong>esse,</strong></span> <span class='ocrx_word' id='word_1_320' title='bbox 1250 3191 1383 3267; x_wconf 86' lang='lat' dir='ltr'><strong>primum,</strong></span> 
     </span>
     <span class='ocr_line' id='line_1_35' title="bbox 231 3274 1383 3352; baseline -0.009 -14"><span class='ocrx_word' id='word_1_321' title='bbox 231 3278 310 3352; x_wconf 89' lang='lat' dir='ltr'><strong>.quia</strong></span> <span class='ocrx_word' id='word_1_322' title='bbox 338 3277 531 3350; x_wconf 77' lang='lat' dir='ltr'><strong>Hermogenes</strong></span> <span class='ocrx_word' id='word_1_323' title='bbox 557 3274 574 3337; x_wconf 90' lang='lat' dir='ltr'><strong>l.</strong></span> <span class='ocrx_word' id='word_1_324' title='bbox 606 3275 623 3336; x_wconf 88' lang='lat' dir='ltr'><strong>l.</strong></span> <span class='ocrx_word' id='word_1_325' title='bbox 663 3275 803 3333; x_wconf 86' lang='lat' dir='ltr'><strong>Herodoti</strong></span> <span class='ocrx_word' id='word_1_326' title='bbox 832 3276 981 3334; x_wconf 89' lang='lat' dir='ltr'><strong>dictionem</strong></span> <span class='ocrx_word' id='word_1_327' title='bbox 1013 3278 1049 3334; x_wconf 93' lang='lat' dir='ltr'><strong>ab</strong></span> <span class='ocrx_word' id='word_1_328' title='bbox 1077 3277 1211 3334; x_wconf 89' lang='lat' dir='ltr'><strong>Hecataei</strong></span> <span class='ocrx_word' id='word_1_329' title='bbox 1241 3275 1383 3332; x_wconf 79' lang='lat' dir='ltr'><strong>diversam</strong></span> 
     </span>
     <span class='ocr_line' id='line_1_36' title="bbox 242 3352 1385 3438; baseline -0.002 -20"><span class='ocrx_word' id='word_1_330' title='bbox 242 3361 329 3418; x_wconf 81' lang='lat' dir='ltr'><strong>luisse</strong></span> <span class='ocrx_word' id='word_1_331' title='bbox 354 3360 467 3428; x_wconf 90' lang='lat' dir='ltr'><strong>diceret,</strong></span> <span class='ocrx_word' id='word_1_332' title='bbox 490 3365 565 3427; x_wconf 92' lang='lat' dir='ltr'><strong>tum,</strong></span> <span class='ocrx_word' id='word_1_333' title='bbox 590 3359 654 3433; x_wconf 89' lang='lat' dir='ltr'><strong>quia</strong></span> <span class='ocrx_word' id='word_1_334' title='bbox 684 3360 902 3436; x_wconf 86' lang='lat' dir='ltr'><strong>Hippocratem,</strong></span> <span class='ocrx_word' id='word_1_335' title='bbox 935 3361 982 3435; x_wconf 92' lang='lat' dir='ltr'><strong>qui</strong></span> <span class='ocrx_word' id='word_1_336' title='bbox 1010 3367 1037 3418; x_wconf 93' lang='lat' dir='ltr'><strong>et</strong></span> <span class='ocrx_word' id='word_1_337' title='bbox 1068 3361 1128 3437; x_wconf 88' lang='lat' dir='ltr'><strong>ipse</strong></span> <span class='ocrx_word' id='word_1_338' title='bbox 1158 3352 1279 3438; x_wconf 78' lang='grc' dir='ltr'><strong><em>άκράτῳ</em></strong></span> <span class='ocrx_word' id='word_1_339' title='bbox 1309 3353 1385 3417; x_wconf 79' lang='grc' dir='ltr'><strong><em>Ἰάδι</em></strong></span> 
     </span>
     <span class='ocr_line' id='line_1_37' title="bbox 242 3442 1382 3516; baseline -0.004 -14"><span class='ocrx_word' id='word_1_340' title='bbox 242 3463 310 3502; x_wconf 88' lang='lat' dir='ltr'><strong>usus</strong></span> <span class='ocrx_word' id='word_1_341' title='bbox 336 3461 398 3502; x_wconf 88' lang='lat' dir='ltr'><strong>esse</strong></span> <span class='ocrx_word' id='word_1_342' title='bbox 419 3444 565 3516; x_wconf 88' lang='lat' dir='ltr'><strong>diceretur,</strong></span> <span class='ocrx_word' id='word_1_343' title='bbox 595 3449 623 3500; x_wconf 90' lang='lat' dir='ltr'><strong>et</strong></span> <span class='ocrx_word' id='word_1_344' title='bbox 649 3442 726 3516; x_wconf 91' lang='lat' dir='ltr'><strong>cujus</strong></span> <span class='ocrx_word' id='word_1_345' title='bbox 752 3443 898 3500; x_wconf 84' lang='lat' dir='ltr'><strong>dialectum</strong></span> <span class='ocrx_word' id='word_1_346' title='bbox 923 3452 1020 3502; x_wconf 90' lang='lat' dir='ltr'><strong>notum</strong></span> <span class='ocrx_word' id='word_1_347' title='bbox 1043 3451 1116 3502; x_wconf 89' lang='lat' dir='ltr'><strong>esset</strong></span> <span class='ocrx_word' id='word_1_348' title='bbox 1140 3464 1198 3501; x_wconf 92' lang='lat' dir='ltr'><strong>non</strong></span> <span class='ocrx_word' id='word_1_349' title='bbox 1222 3442 1331 3499; x_wconf 87' lang='lat' dir='ltr'><strong>levibus</strong></span> <span class='ocrx_word' id='word_1_350' title='bbox 1353 3443 1382 3497; x_wconf 83' lang='lat' dir='ltr'><strong>in</strong></span> 
     </span>
     <span class='ocr_line' id='line_1_38' title="bbox 242 3521 1386 3603; baseline -0.005 -19"><span class='ocrx_word' id='word_1_351' title='bbox 242 3527 325 3584; x_wconf 89' lang='lat' dir='ltr'><strong>rebus</strong></span> <span class='ocrx_word' id='word_1_352' title='bbox 344 3527 391 3584; x_wconf 82' lang='lat' dir='ltr'><strong>ab</strong></span> <span class='ocrx_word' id='word_1_353' title='bbox 402 3526 568 3584; x_wconf 90' lang='lat' dir='ltr'><strong>Herodoteo</strong></span> <span class='ocrx_word' id='word_1_354' title='bbox 595 3543 646 3582; x_wconf 90' lang='lat' dir='ltr'><strong>usu</strong></span> <span class='ocrx_word' id='word_1_355' title='bbox 666 3527 806 3596; x_wconf 85' lang='lat' dir='ltr'><strong>recedere,</strong></span> <span class='ocrx_word' id='word_1_356' title='bbox 824 3531 909 3603; x_wconf 79' lang='lat' dir='ltr'><strong>atque</strong></span> <span class='ocrx_word' id='word_1_357' title='bbox 926 3521 1289 3586; x_wconf 75' lang='lat' dir='ltr'><strong>Democutom&#39;Jonismum</strong></span> <span class='ocrx_word' id='word_1_358' title='bbox 1302 3525 1386 3599; x_wconf 82' lang='lat' dir='ltr'><strong>logo-</strong></span> 
     </span>
    </p>
   </div>
   <div class='ocr_carea' id='block_1_7' title="bbox 242 3609 1473 3686">
    <p class='ocr_par' dir='ltr' id='par_1_7' title="bbox 242 3609 1473 3686">
     <span class='ocr_line' id='line_1_39' title="bbox 242 3609 1473 3686; baseline -0.002 -20"><span class='ocrx_word' id='word_1_359' title='bbox 242 3609 413 3686; x_wconf 76' lang='lat' dir='ltr'><strong>graphorum</strong></span> <span class='ocrx_word' id='word_1_360' title='bbox 435 3609 593 3666; x_wconf 87' lang='lat' dir='ltr'><strong>adhibuisse</strong></span> <span class='ocrx_word' id='word_1_361' title='bbox 614 3628 666 3686; x_wconf 89' lang='lat' dir='ltr'><strong>pro</strong></span> <span class='ocrx_word' id='word_1_362' title='bbox 689 3615 764 3666; x_wconf 90' lang='lat' dir='ltr'><strong>certo</strong></span> <span class='ocrx_word' id='word_1_363' title='bbox 785 3616 867 3667; x_wconf 89' lang='lat' dir='ltr'><strong>esset.</strong></span> <span class='ocrx_word' id='word_1_364' title='bbox 912 3611 969 3668; x_wconf 89' lang='lat' dir='ltr'><strong>Sed</strong></span> <span class='ocrx_word' id='word_1_365' title='bbox 992 3610 1101 3668; x_wconf 88' lang='lat' dir='ltr'><strong>Giesius</strong></span> <span class='ocrx_word' id='word_1_366' title='bbox 1123 3609 1231 3685; x_wconf 79' lang='lat' dir='ltr'><strong>Lydico</strong></span> <span class='ocrx_word' id='word_1_367' title='bbox 1255 3609 1384 3665; x_wconf 85' lang='lat' dir='ltr'><strong>lonismo</strong></span> <span class='ocrx_word' id='word_1_368' title='bbox 1468 3639 1473 3652; x_wconf 76' lang='lat'><em>-</em></span> 
     </span>
    </p>
   </div>
   <div class='ocr_carea' id='block_1_8' title="bbox 239 3692 1388 4187">
    <p class='ocr_par' dir='ltr' id='par_1_8' title="bbox 239 3692 1388 4187">
     <span class='ocr_line' id='line_1_40' title="bbox 241 3692 1385 3772; baseline -0.003 -23"><span class='ocrx_word' id='word_1_369' title='bbox 241 3693 373 3772; x_wconf 90' lang='lat' dir='ltr'><strong>praetulit</strong></span> <span class='ocrx_word' id='word_1_370' title='bbox 395 3693 519 3750; x_wconf 88' lang='lat' dir='ltr'><strong>Samium</strong></span> <span class='ocrx_word' id='word_1_371' title='bbox 540 3692 615 3764; x_wconf 89' lang='lat' dir='ltr'><strong>ideo,</strong></span> <span class='ocrx_word' id='word_1_372' title='bbox 641 3694 719 3766; x_wconf 90' lang='lat' dir='ltr'><strong>quod</strong></span> <span class='ocrx_word' id='word_1_373' title='bbox 741 3693 887 3750; x_wconf 85' lang='lat' dir='ltr'><strong>diversitas</strong></span> <span class='ocrx_word' id='word_1_374' title='bbox 904 3694 1060 3752; x_wconf 85' lang='lat' dir='ltr'><strong>Herodotei</strong></span> <span class='ocrx_word' id='word_1_375' title='bbox 1085 3694 1201 3751; x_wconf 87' lang='lat' dir='ltr'><strong>Jonismi</strong></span> <span class='ocrx_word' id='word_1_376' title='bbox 1223 3698 1252 3750; x_wconf 89' lang='lat' dir='ltr'><strong>et</strong></span> <span class='ocrx_word' id='word_1_377' title='bbox 1275 3692 1385 3749; x_wconf 90' lang='lat' dir='ltr'><strong>Home-</strong></span> 
     </span>
     <span class='ocr_line' id='line_1_41' title="bbox 241 3775 1384 3852; baseline -0.003 -17"><span class='ocrx_word' id='word_1_378' title='bbox 241 3777 291 3835; x_wconf 85' lang='lat' dir='ltr'><strong>rici</strong></span> <span class='ocrx_word' id='word_1_379' title='bbox 317 3795 374 3834; x_wconf 90' lang='lat' dir='ltr'><strong>ncu</strong></span> <span class='ocrx_word' id='word_1_380' title='bbox 395 3795 429 3834; x_wconf 88' lang='lat' dir='ltr'><strong>ea</strong></span> <span class='ocrx_word' id='word_1_381' title='bbox 450 3781 534 3846; x_wconf 88' lang='lat' dir='ltr'><strong>esset,</strong></span> <span class='ocrx_word' id='word_1_382' title='bbox 557 3794 629 3850; x_wconf 88' lang='lat' dir='ltr'><strong>quac</strong></span> <span class='ocrx_word' id='word_1_383' title='bbox 650 3795 684 3832; x_wconf 84' lang='lat' dir='ltr'><strong>ex</strong></span> <span class='ocrx_word' id='word_1_384' title='bbox 705 3776 790 3850; x_wconf 82' lang='lat' dir='ltr'><strong>longo</strong></span> <span class='ocrx_word' id='word_1_385' title='bbox 809 3782 967 3852; x_wconf 89' lang='lat' dir='ltr'><strong>temporum</strong></span> <span class='ocrx_word' id='word_1_386' title='bbox 988 3778 1148 3852; x_wconf 85' lang='lat' dir='ltr'><strong>intervallo,</strong></span> <span class='ocrx_word' id='word_1_387' title='bbox 1170 3782 1219 3834; x_wconf 91' lang='lat' dir='ltr'><strong>aut</strong></span> <span class='ocrx_word' id='word_1_388' title='bbox 1242 3795 1276 3833; x_wconf 85' lang='lat' dir='ltr'><strong>ex</strong></span> <span class='ocrx_word' id='word_1_389' title='bbox 1300 3775 1384 3832; x_wconf 82' lang='lat' dir='ltr'><strong>dill&#39;e-</strong></span> 
     </span>
     <span class='ocr_line' id='line_1_42' title="bbox 240 3859 1385 3938; baseline -0.006 -18"><span class='ocrx_word' id='word_1_390' title='bbox 240 3860 331 3920; x_wconf 86' lang='lat' dir='ltr'><strong>rentia</strong></span> <span class='ocrx_word' id='word_1_391' title='bbox 354 3876 456 3938; x_wconf 85' lang='lat' dir='ltr'><strong>prosae</strong></span> <span class='ocrx_word' id='word_1_392' title='bbox 478 3865 507 3916; x_wconf 90' lang='lat' dir='ltr'><strong>ct</strong></span> <span class='ocrx_word' id='word_1_393' title='bbox 531 3860 659 3935; x_wconf 89' lang='lat' dir='ltr'><strong>poeticae</strong></span> <span class='ocrx_word' id='word_1_394' title='bbox 681 3860 808 3917; x_wconf 89' lang='lat' dir='ltr'><strong>dictionis</strong></span> <span class='ocrx_word' id='word_1_395' title='bbox 828 3860 957 3938; x_wconf 86' lang='lat' dir='ltr'><strong>explicari</strong></span> <span class='ocrx_word' id='word_1_396' title='bbox 975 3868 1087 3938; x_wconf 81' lang='lat' dir='ltr'><strong>posset3</strong></span> <span class='ocrx_word' id='word_1_397' title='bbox 1109 3870 1178 3936; x_wconf 84' lang='lat' dir='ltr'><strong>turn,</strong></span> <span class='ocrx_word' id='word_1_398' title='bbox 1201 3859 1385 3934; x_wconf 90' lang='lat' dir='ltr'><strong>quodetiam</strong></span> 
     </span>
     <span class='ocr_line' id='line_1_43' title="bbox 239 3937 1384 4022; baseline -0.002 -20"><span class='ocrx_word' id='word_1_399' title='bbox 239 3944 345 4002; x_wconf 85' lang='lat' dir='ltr'><strong>Suidas</strong></span> <span class='ocrx_word' id='word_1_400' title='bbox 368 3948 508 4000; x_wconf 87' lang='lat' dir='ltr'><strong>narraret:</strong></span> <span class='ocrx_word' id='word_1_401' title='bbox 538 3940 571 4001; x_wconf 78' lang='grc' dir='ltr'><strong>ἐν</strong></span> <span class='ocrx_word' id='word_1_402' title='bbox 596 3945 634 4022; x_wconf 76' lang='grc' dir='ltr'><strong>τῇ</strong></span> <span class='ocrx_word' id='word_1_403' title='bbox 665 3937 759 4022; x_wconf 79' lang='grc' dir='ltr'><strong><em>Σάμῳ</em></strong></span> <span class='ocrx_word' id='word_1_404' title='bbox 789 3943 841 4004; x_wconf 80' lang='grc' dir='ltr'><strong>καὶ</strong></span> <span class='ocrx_word' id='word_1_405' title='bbox 870 3938 928 4020; x_wconf 80' lang='grc' dir='ltr'><strong>τὴν</strong></span> <span class='ocrx_word' id='word_1_406' title='bbox 951 3939 1028 4005; x_wconf 74' lang='grc' dir='ltr'><strong><em>Ἰάδα</em></strong></span> <span class='ocrx_word' id='word_1_407' title='bbox 1055 3938 1184 4022; x_wconf 69' lang='grc' dir='ltr'><strong><em>ἠσκήθη</em></strong></span> <span class='ocrx_word' id='word_1_408' title='bbox 1214 3937 1384 4012; x_wconf 80' lang='grc' dir='ltr'><strong><em>διάλεκτον,</em></strong></span> 
     </span>
     <span class='ocr_line' id='line_1_44' title="bbox 239 4021 1388 4105; baseline -0.002 -19"><span class='ocrx_word' id='word_1_409' title='bbox 239 4034 327 4105; x_wconf 92' lang='lat' dir='ltr'><strong>atque</strong></span> <span class='ocrx_word' id='word_1_410' title='bbox 351 4023 504 4102; x_wconf 85' lang='lat' dir='ltr'><strong>Dionysius</strong></span> <span class='ocrx_word' id='word_1_411' title='bbox 524 4022 613 4083; x_wconf 91' lang='lat' dir='ltr'><strong>Halic.</strong></span> <span class='ocrx_word' id='word_1_412' title='bbox 634 4024 763 4083; x_wconf 87' lang='lat' dir='ltr'><strong>laudaret</strong></span> <span class='ocrx_word' id='word_1_413' title='bbox 785 4027 963 4085; x_wconf 90' lang='lat' dir='ltr'><strong>Herodotum</strong></span> <span class='ocrx_word' id='word_1_414' title='bbox 989 4031 1044 4103; x_wconf 73' lang='grc' dir='ltr'><strong>τῆς</strong></span> <span class='ocrx_word' id='word_1_415' title='bbox 1064 4022 1158 4100; x_wconf 80' lang='grc' dir='ltr'><strong><em>Ἰάδος</em></strong></span> <span class='ocrx_word' id='word_1_416' title='bbox 1182 4021 1307 4102; x_wconf 78' lang='grc' dir='ltr'><strong><em>άριστον</em></strong></span> <span class='ocrx_word' id='word_1_417' title='bbox 1331 4047 1388 4085; x_wconf 84' lang='grc' dir='ltr'><strong>κα-</strong></span> 
     </span>
     <span class='ocr_line' id='line_1_45' title="bbox 239 4105 1387 4187; baseline -0.002 -19"><span class='ocrx_word' id='word_1_418' title='bbox 239 4109 327 4186; x_wconf 73' lang='grc' dir='ltr'><strong><em>νόνα,</em></strong></span> <span class='ocrx_word' id='word_1_419' title='bbox 341 4145 389 4157; x_wconf 91' lang='grc'><strong>--</strong></span> <span class='ocrx_word' id='word_1_420' title='bbox 400 4110 501 4187; x_wconf 88' lang='lat' dir='ltr'><strong>quibus</strong></span> <span class='ocrx_word' id='word_1_421' title='bbox 513 4106 601 4165; x_wconf 89' lang='lat' dir='ltr'><strong>verbis</strong></span> <span class='ocrx_word' id='word_1_422' title='bbox 612 4105 776 4185; x_wconf 86' lang='lat' dir='ltr'><strong>Dionysium</strong></span> <span class='ocrx_word' id='word_1_423' title='bbox 788 4111 944 4187; x_wconf 82' lang='lat' dir='ltr'><strong>significare</strong></span> <span class='ocrx_word' id='word_1_424' title='bbox 955 4110 1203 4171; x_wconf 85' lang='lat' dir='ltr'><strong>voluisseSamium</strong></span> <span class='ocrx_word' id='word_1_425' title='bbox 1215 4110 1387 4181; x_wconf 86' lang='lat' dir='ltr'><strong>Jonismum,</strong></span> 
     </span>
    </p>
   </div>
   <div class='ocr_carea' id='block_1_9' title="bbox 309 4265 1388 4430">
    <p class='ocr_par' dir='ltr' id='par_1_9' title="bbox 309 4265 1388 4430">
     <span class='ocr_line' id='line_1_46' title="bbox 309 4265 1388 4430; baseline -0.002 -68"><span class='ocrx_word' id='word_1_426' title='bbox 309 4311 334 4372; x_wconf 68' lang='lat' dir='ltr'><strong>a)</strong></span> <span class='ocrx_word' id='word_1_427' title='bbox 352 4311 381 4362; x_wconf 89' lang='lat' dir='ltr'><strong>ln</strong></span> <span class='ocrx_word' id='word_1_428' title='bbox 397 4308 463 4361; x_wconf 88' lang='lat' dir='ltr'><strong>libro</strong></span> <span class='ocrx_word' id='word_1_429' title='bbox 479 4307 590 4376; x_wconf 85' lang='lat' dir='ltr'><strong>quodam</strong></span> <span class='ocrx_word' id='word_1_430' title='bbox 606 4265 719 4359; x_wconf 84' lang='lat' dir='ltr'><strong>ceterum</strong></span> <span class='ocrx_word' id='word_1_431' title='bbox 736 4307 820 4364; x_wconf 76' lang='lat' dir='ltr'><strong>honae</strong></span> <span class='ocrx_word' id='word_1_432' title='bbox 840 4307 924 4374; x_wconf 81' lang='lat' dir='ltr'><strong>frugis</strong></span> <span class='ocrx_word' id='word_1_433' title='bbox 939 4309 1028 4430; x_wconf 79' lang='lat' dir='ltr'><strong>pleno,</strong></span> <span class='ocrx_word' id='word_1_434' title='bbox 1043 4309 1088 4378; x_wconf 89' lang='lat' dir='ltr'><strong>qui</strong></span> <span class='ocrx_word' id='word_1_435' title='bbox 1104 4307 1270 4363; x_wconf 82' lang='lat' dir='ltr'><strong>inscribitur:</strong></span> <span class='ocrx_word' id='word_1_436' title='bbox 1296 4305 1388 4361; x_wconf 88' lang='lat' dir='ltr'><strong>Uebar</strong></span> 
     </span>
    </p>
   </div>
   <div class='ocr_carea' id='block_1_10' title="bbox 242 4373 1031 4448">
    <p class='ocr_par' dir='ltr' id='par_1_10' title="bbox 242 4373 1031 4448">
     <span class='ocr_line' id='line_1_47' title="bbox 242 4373 1031 4448; baseline 0.006 -19"><span class='ocrx_word' id='word_1_437' title='bbox 242 4376 292 4429; x_wconf 85' lang='lat' dir='ltr'><strong>den</strong></span> <span class='ocrx_word' id='word_1_438' title='bbox 311 4377 463 4430; x_wconf 80' lang='lat' dir='ltr'><strong>Aeolischen</strong></span> <span class='ocrx_word' id='word_1_439' title='bbox 477 4375 581 4430; x_wconf 85' lang='lat' dir='ltr'><strong>Dialeot</strong></span> <span class='ocrx_word' id='word_1_440' title='bbox 605 4373 706 4444; x_wconf 80' lang='lat'><strong>(1837),</strong></span> <span class='ocrx_word' id='word_1_441' title='bbox 723 4375 788 4446; x_wconf 76' lang='lat' dir='ltr'><strong>(lap.</strong></span> <span class='ocrx_word' id='word_1_442' title='bbox 810 4375 841 4440; x_wconf 83' lang='lat' dir='ltr'><strong>V,</strong></span> <span class='ocrx_word' id='word_1_443' title='bbox 860 4377 938 4446; x_wconf 75' lang='lat' dir='ltr'><strong>l··¹⁵</strong></span> <span class='ocrx_word' id='word_1_444' title='bbox 973 4393 1031 4448; x_wconf 80' lang='lat' dir='ltr'><strong>sqq.</strong></span> 
     </span>
    </p>
   </div>
   <div class='ocr_carea' id='block_1_11' title="bbox 0 0 1502 5032">
    <p class='ocr_par' dir='ltr' id='par_1_11' title="bbox 0 0 1502 5032">
     <span class='ocr_line' id='line_1_48' title="bbox 0 0 1502 5032; baseline 0 0"><span class='ocrx_word' id='word_1_445' title='bbox 0 0 1502 5032; x_wconf 95' lang='lat' dir='ltr'><strong> </strong></span> 
     </span>
    </p>
   </div>
  </div>
 </body>
</html>
