2980 5032
230 304 270 366 16
544 311 589 370 De
610 313 731 372 dialecto
756 310 920 368 Herodotea
940 311 987 374 lib.
1011 311 1032 368 l.
1135 399 1138 406 .

229 476 427 554 plerorumque
447 477 632 538 recentiorum
664 478 819 550 editorum,
845 495 933 552 quarn
966 481 1077 555 praeter
1111 475 1182 536 alios
1213 477 1374 540 0111101111

230 560 406 620 Gaisfordius
428 562 472 636 (iu
495 563 584 639 praef.
606 563 643 620 ad
671 561 777 618 Herod.
799 579 827 637 p.
853 564 903 635 at)
926 561 1105 638 quaestiones
1124 563 1261 636 quasdam
1272 583 1374 640 granu

230 645 359 716 maticas,
383 651 415 703 ut
437 647 475 702 de
495 646 647 722 scripturae
670 645 832 703 diversitate
856 646 966 722 μοίρην
996 650 1024 703 01
1047 647 1173 724 palpatu,
1195 644 1314 708 roairuo
1343 655 1373 705 01

231 726 370 802 τουτέων,
401 727 571 792 11οἷ111111
593 735 660 786 aute
681 728 805 786 vocalem
828 728 1007 806 inceptivum,
1034 734 1062 786 et
1083 728 1143 788 aliis
1173 730 1251 788 haud
1279 732 1373 807 negli-

231 813 330 886 gendis
362 811 463 888 rebus,
489 818 521 870 ut
550 813 679 871 minutias
712 813 872 870 contemtiru
905 813 1130 890 praetermiserit.
1180 813 1276 881 Quum
1303 835 1372 872 vero
1447 870 1461 884 η,

157 953 164 965 ‚
229 896 292 954 illae
312 895 339 952 iu
364 915 455 972 pauca
477 896 594 954 collatae
624 896 797 960 uenationes
827 897 863 954 ab
894 897 954 954 aliis
980 896 1057 954 libris
1084 898 1278 972 integerrimae
1299 917 1371 974 qua·
1454 886 1458 921 ⁵

230 979 326 1054 lesqne
340 979 387 1046 ¹ub
412 980 474 1058 ipsa
492 981 632 1038 Herodoti
654 998 737 1038 mauu
759 980 879 1056 scriptae
899 987 965 1039 sunt
983 983 1150 1056 censendae,
1175 982 1370 1057 exhibeantur,
1459 1038 1461 1046 ,

230 1063 306 1122 baud
342 1082 472 1140 magnam
502 1064 556 1123 boe
585 1064 613 1121 iu
641 1081 744 1140 genere
768 1083 820 1120 uos
848 1065 947 1122 secisse
977 1065 1116 1138 jacturam
1146 1083 1196 1142 per
1223 1084 1254 1122 se
1282 1074 1370 1142 patet.

230 1147 315 1206 Tales
344 1148 397 1206 loci
426 1153 492 1208 suut
520 1149 655 1222 (quorum
682 1149 720 1206 ad
747 1165 887 1224 quemque
912 1150 1008 1208 videas
1030 1149 1186 1224 Schweigb.
1213 1155 1241 1208 et
1264 1150 1369 1226 (11111.)

230 1230 252 1290 1.
275 1231 347 1306 (16).
370 1237 413 1290 53.
436 1237 481 1290 94.
503 1235 537 1290 96
558 1249 621 1306 sqq.
644 1235 766 1290 91.121.
791 1237 848 1293 131.
873 1239 932 1292 135.
954 1236 1005 1292 138
1023 1250 1088 1310 sqq.
1110 1232 1208 1292 1140.

313 1315 441 1376 Transeo
465 1314 928 1392 11101111110111011110101,,01
954 1316 1073 1395 primum
1099 1317 1213 1391 quidem
1241 1319 1279 1376 ad
1309 1337 1368 1391 eas,

228 1399 332 1473 quibus
358 1404 436 1456 totae
456 1401 612 1458 sententiae
633 1409 731 1458 nostro
752 1400 884 1476 scriptori
900 1400 972 1458 male
1006 1407 1072 1458 suut
1094 1400 1236 1459 obtrusae.
1273 1401 1368 1461 111111.
1459 1419 1461 1428 ’

230 1485 265 1540 98
288 1482 400 1558 quidem
423 1483 507 1544 rerba
529 1484 575 1541 illa
595 1477 723 1544 δύναται
748 1480 875 1544 11111101
894 1478 1029 1546 Ἑλλάδα
1048 1487 1185 1563 γλῶσσαν
1212 1504 1301 1561 usque
1330 1489 1368 1546 ad

229 1566 314 1624 rerba
330 1559 475 1644 Ἕλληνες
496 1565 631 1630 καλέοιεν
656 1567 797 1640 10111110,
820 1574 908 1644 puto,
941 1569 1144 1646 suspicionem,
1167 1588 1219 1645 pro
1246 1571 1367 1630 insiticiis

230 1667 265 1707 ea
286 1650 418 1708 habenda
439 1670 510 1722 esse,
533 1671 644 1710 movere
666 1653 780 1724 debeat,
803 1653 882 1727 quod
903 1653 993 1713 alieno
1015 1670 1129 1730 prorsus
1150 1652 1212 1712 loco
1233 1661 1300 1714 sunt
1315 1673 1369 1730 po·

228 1734 290 1790 sita.
333 1733 407 1802 Quis
431 1736 504 1794 euim
526 1742 592 1814 post
614 1745 858 1796 commemoratum
882 1736 950 1796 illud
972 1736 1113 1794 oraculum
1141 1737 1169 1795 in
1192 1737 1249 1794 fine
1269 1739 1368 1815 capitis

227 1819 398 1894 exspectavit
419 1819 628 1896 explicationem
657 1839 754 1880 eoram
779 1821 936 1893 nominum,
965 1839 1083 1896 quorum
1104 1821 1208 1878 mentio
1237 1840 1288 1899 per
1313 1822 1369 1880 buo

227 1908 312 1978 caput
335 1913 377 1960 est
401 1903 497 1968 sacta?
518 1902 630 1978 Neque,
653 1905 753 1976 credo,
776 1905 921 1981 explicatio
949 1905 1012 1984 ipsa
1040 1905 1077 1962 de
1106 1905 1132 1960 vi
1166 1923 1199 1962 ar
1226 1911 1368 1983 potestate

226 1985 327 2044 borum
350 1989 503 2060 nominum,
526 1994 557 2044 ut
580 1989 705 2048 omittam
731 2008 827 2048 eorum
849 1990 1026 2066 scripturam,
1048 1987 1113 2046 huic
1128 1987 1191 2046 loco
1209 2007 1367 2048 accommo-

214 2071 295 2127 data
317 2076 370 2141 est,
394 2090 480 2145 quum
499 2072 603 2131 nullam
628 2073 655 2130 iu
678 2073 816 2150 prioribus
841 2074 932 2131 verbis
961 2073 1053 2130 inesse
1081 2072 1191 2148 rideam
1218 2073 1365 2144 rationem,

163 2157 169 2167 '
228 2171 285 2229 qua
299 2153 472 2230 Herodotus,
483 2161 514 2213 ut
528 2156 572 2213 bic
587 2155 670 2214 talem
682 2155 891 2232 explicationem
902 2156 1030 2235 adderet,
1045 2162 1200 2240 commotus
1215 2157 1264 2227 sit,
1287 2158 1367 2214 deni·
1387 2187 1394 2201 =

228 2255 282 2312 que
302 2237 375 2313 quis,
397 2233 513 2313 quaeso,
539 2240 589 2296 sibi
606 2241 783 2315 persuaserit,
805 2240 842 2297 ab
861 2239 1019 2314 Herodoto,
1042 2239 1152 2298 Graeco
1168 2239 1288 2316 bomine,
1309 2259 1365 2298 uon
1425 2293 1429 2305 ,
1460 2298 1461 2306 ,

227 2323 267 2380 ita
287 2321 376 2380 multo
399 2329 465 2399 post
490 2321 600 2380 Persica
625 2323 697 2381 bella
719 2325 848 2400 florente,
871 2323 939 2381 baec
961 2323 1045 2382 verba
1066 2323 1194 2400 profecta
1215 2342 1287 2380 esse:
1306 2315 1365 2384 0111
1460 2319 1461 2322 “

228 2400 268 2466 riv
290 2400 394 2485 ὀρθῶς
414 2401 489 2470 aurci
518 2410 658 2488 γλῶσσαν
685 2402 741 2486 τήν
772 2405 921 2486 σφετέρην
942 2402 1087 2486 Ἕλληνες
1113 2405 1263 2475 καλέοιεν,
1294 2424 1367 2481 quae

227 2490 317 2564 magis
345 2489 530 2566 glossatorem
556 2491 691 2567 sequioris
719 2492 819 2549 aetatis
847 2492 974 2550 redolent
1000 2491 1054 2566 (01.
1082 2489 1205 2567 Etymol.
1232 2488 1309 2566 Mag.
1337 2510 1366 2568 p.

226 2579 288 2650 376,
314 2581 357 2635 51.
384 2595 406 2632 s.
431 2595 457 2636 v.
482 2573 607 2658 Ἐρξίας.
642 2576 780 2652 luterppr.
804 2578 840 2633 ad
864 2575 965 2652 Stepb.
988 2574 1058 2651 sz.
1086 2593 1108 2630 s.
1139 2591 1165 2630 v.
1190 2568 1311 2653 Ἀρταῖα
1339 2580 1368 2632 01

227 2658 411 2734 adHesycb.
435 2679 458 2720 s.
481 2679 507 2716 v.
538 2655 697 2738 Ἀρταῖοι),
726 2677 810 2732 quarn
842 2659 981 2716 Herodoti
1010 2658 1133 2716 nativum
1164 2659 1390 2736 simplicitatem
1438 2716 1442 2743 ί

228 2742 379 2800 declarant.
429 2742 525 2807 Quare
556 2742 609 2798 ista
636 2748 686 2798 aut
713 2741 797 2816 plane
824 2761 857 2798 ex
888 2743 1052 2800 Herodotea
1080 2741 1207 2799 oratione
1234 2741 1368 2816 ejicienda
1438 2747 1458 2825 '¹

227 2841 289 2884 esse
312 2841 431 2901 censeo,
453 2829 504 2880 aut
529 2823 644 2900 saltem,
672 2825 701 2881 id
732 2826 809 2903 quod
832 2825 892 2900 jam
921 2828 1046 2885 fecerunt
1076 2825 1203 2883 nonnulli
1232 2825 1367 2898 editores,
1438 2836 1456 2897 2,

227 2908 334 2967 uncinis
371 2907 407 2964 ab
435 2908 543 2981 reliqua
570 2907 696 2966 oratioue
728 2912 912 2984 segreganda.
967 2911 1074 2968 Careas
1101 2915 1194 2966 autem
1228 2927 1265 2966 ne
1301 2907 1368 2965 alias

226 2992 291 3049 huic
315 2991 415 3048 similes
441 2991 578 3050 dictiones
599 2994 661 3072 ipso
685 2992 720 3050 ab
741 2993 890 3051 Herodoto
920 2995 1030 3070 saepius
1056 2999 1205 3070 usurpatas
1232 3011 1295 3050 cum
1316 2991 1369 3048 illis
1454 3047 1455 3052 ,

227 3075 319 3133 uerbis
346 3075 511 3133 confundas.
541 3073 601 3134 ¹Ne
622 3077 665 3134 cui
687 3077 760 3135 forte
779 3077 937 3156 scrupulum
960 3077 1063 3153 injiciat
1085 3096 1119 3135 ea
1134 3096 1190 3178 res²
1212 3077 1290 3152 quod
1308 3075 1368 3134 He-

226 3161 374 3217 rodoteam
396 3161 624 3219 consuetudinem
651 3160 767 3238 ejusque
794 3161 946 3231 Jouismos,
963 3167 994 3219 ut
1017 3157 1145 3238 οὕνομα,
1169 3155 1291 3240 aquiiae,
1314 3181 1374 3220 xu⁴
1449 3187 1453 3195 ·

225 3242 333 3315 110100,
355 3250 413 3300 tam
438 3251 566 3326 accurate
593 3245 746 3304 aemulatus
768 3246 804 3303 sit
829 3244 1030 3324 interpolator;
1057 3244 1135 3322 qnod
1157 3246 1183 3303 ei
1210 3245 1368 3302 necessario

226 3327 385 3385 faciendum
406 3335 475 3401 erat,
497 3331 555 3388 sive
572 3329 675 3405 ingenii
690 3332 836 3390 exercendi
853 3347 947 3402 causa,
971 3329 1038 3401 sire,
1061 3329 1084 3386 si
1106 3327 1254 3385 lectoribus
1274 3327 1368 3385 fraudi
1450 3351 1451 3374 1

227 3429 288 3470 esse
310 3411 407 3489 voluit,
430 3421 461 3471 ut
484 3415 612 3473 fraudem
640 3432 724 3490 quam
756 3409 968 3472 occultissimam
995 3413 1133 3471 redderet.
1184 3411 1267 3478 Quae
1293 3411 1366 3468 ratio
1433 3441 1450 3488 ·}

226 3501 255 3554 et
277 3497 313 3554 de
334 3496 422 3556 altero
446 3495 517 3555 male
539 3498 675 3558 inculcata
696 3500 760 3556 loco
775 3497 841 3572 (Vl.
869 3499 934 3570 122)
955 3489 1367 3560 1101111111111ί1ω1111011·

227 3601 281 3640 του
303 3597 391 3656 usque
416 3582 452 3639 ad
481 3581 566 3640 verba
594 3581 687 3643 i'dunr
714 3581 811 3661 τούτῳ
844 3585 884 3661 τῷ
914 3573 1003 3657 11νᾶρὶ
1032 3579 1115 3636 valet.
1159 3577 1232 3636 Nam
1260 3579 1367 3636 initium

226 3665 319 3722 statim
342 3665 423 3739 hujus
457 3667 553 3741 capitis
585 3669 718 3726 Καλλίεω
750 3662 781 3724 di
809 3661 916 3723 τούτου
946 3661 1033 3736 ἄξιον
1060 3666 1213 3740 πολλαχοῦ
1239 3657 1367 3740 μνήμην

226 3747 287 3810 ἐστὶ
309 3744 411 3808 πάντα
433 3746 499 3808 nuri
528 3748 619 3828 ἔχειν,
648 3751 711 3826 ipso
741 3739 873 3804 orationis
901 3746 994 3806 colore
1021 3747 1129 3821 arguit,
1153 3763 1237 3821 quiam
1263 3747 1368 3822 cupide

226 3833 374 3907 arripuerit
397 3834 578 3910 interpolator
601 3835 774 3890 occasionem
796 3833 832 3888 de
856 3831 944 3888 Callia
964 3835 999 3888 ea
1024 3828 1191 3908 exponendi,
1214 3830 1367 3904 quaejam

227 3918 334 3974 dudum
356 3917 383 3973 iu
409 3919 501 3975 animo
523 3918 644 3974 babebat
665 3933 834 3992 expromere.
877 3915 1040 3986 Praeterea,
1075 3920 1107 3970 ut
1129 3915 1270 3982 omittam,
1292 3929 1366 3987 quae

224 4002 283 4076 jam
307 4000 374 4058 alios
389 4001 439 4058 ,his
460 4003 488 4058 in
509 4001 603 4058 verbis
621 3999 814 4075 offenderunt,
835 3999 914 4056 nimis
939 4014 1036 4076 pressa
1058 4003 1101 4054 est
1124 4002 1186 4053 tota
1212 3995 1272 4071 ejus
1301 4013 1367 4054 ora·

227 4085 284 4158 tio,
305 4091 420 4160 tamque
446 4083 635 4162 perfunctorie
660 4101 718 4140 rem
743 4083 812 4155 agit,
840 4090 871 4139 ut
893 4081 1074 4139 Herodoteae
1094 4079 1249 4138 affabilitati
1271 4084 1300 4136 et
1317 4097 1366 4136 ex-

226 4169 350 4244 ponendi
380 4170 477 4244 copiae
500 4169 615 4243 prorsus
636 4166 791 4222 contrarius
813 4164 856 4220 sit,
900 4163 1002 4240 Neque
1029 4181 1096 4220 vero
1125 4164 1208 4220 etiam
1235 4161 1366 4220 omnibus

226 4252 254 4309 in
275 4251 350 4308 libris
376 4252 445 4308 ltlss.
461 4250 615 4318 bieilours,
642 4248 774 4304 orationis
800 4249 880 4304 nexui
902 4249 1013 4307 minime
1033 4247 1269 4317 accommodatus,
1287 4245 1366 4304 inve-

228 4335 322 4404 nitur,
348 4335 426 4394 abeat
453 4334 524 4390 euim
547 4350 563 4388 a
585 4331 723 4402 Mediceo,
746 4329 908 4388 Florentino
932 4337 960 4388 et
982 4329 1069 4389 tribus
1090 4329 1149 4386 aliis
1175 4329 1270 4390 Codd.
1344 4333 1353 4350 ⁸
