3022 5022
447 320 493 382 De
514 321 639 384 θὶαλεαλο
659 298 828 385 Herodotes
846 320 896 386 lib.
917 320 965 388 λλ.
1211 311 1276 381 ωδ

143 495 181 554 ε.
215 467 297 552 λιιι.
319 489 357 550 ιε
384 490 424 550 u.
441 489 475 550 ε.
496 495 557 551 us.
579 484 805 572 (ειιιαιειιιο
826 491 891 553 εει.
910 488 961 564 ιι.)
980 520 1024 534 --
1050 492 1087 551 σε
1108 475 1275 566 ossius·
1355 531 1360 533 .

145 601 237 658 μενος
258 575 352 634 Belli.
373 575 411 633 ol.
429 594 491 634 cum
514 577 545 632 S.
567 575 605 637 V.
627 576 659 633 P.
682 569 909 655 συμβαλόμενος
923 573 959 632 F.
978 568 1193 652 (συμβαλλεάμ.
1209 567 1273 632 Gsl'·

144 664 196 739 sl.)
215 693 259 706 —
287 665 321 720 95
344 653 589 745 συμβαλλόμενον
611 660 702 718 Bell.
723 660 760 723 sl.
782 659 817 721 F.
836 678 864 718 a.
887 653 1099 736 (συμβαλλεόμ.
1119 654 1186 714 Ald.
1205 651 1274 714 ,Gst

146 747 198 823 ol.)
215 777 257 789 -
290 748 324 804 76
348 738 517 816 κελεύοντες
537 736 764 821 ὑπερβαλέσθαι
783 742 860 818 vulg.
882 761 944 799 curu
966 743 999 802 S'.
1020 741 1056 798 V.
1085 737 1216 796 Eustuth.
1237 736 1275 794 sd

146 815 233 904 Ηουιῖ
257 829 315 888 Od.
341 849 369 906 p.
382 833 471 892 1141.
502 820 743 907 ὑπερβάλλεσθαι
764 827 858 884 Bell.
885 845 909 884 e.
930 831 960 884 et
982 825 1047 884 cod.
1069 841 1111 890 s..
1139 822 1188 897 qui
1209 820 1274 897 qui·

147 916 212 972 dem
234 907 304 971 uod.¹
326 932 352 970 a.
373 906 618 992 άπερβαλλέσθαι
638 917 837 990 paroxytonou
863 909 1003 986 praebuit.
1037 899 1276 985 ὑπερβαλέεσθαι

148 999 189 1058 Μ.
206 997 240 1055 Ρ.
262 996 300 1056 Κ.
321 992 590 1080 (άπερβαλλέεσθαι
612 996 661 1074 F.)
704 995 840 1054 Similiter
860 993 923 1052 iibri
942 993 1055 1052 rurisut
1077 989 1136 1048 Vll.
1155 995 1209 1048 220
1228 1010 1275 1068 ys·

145 1081 254 1144 νέσθαι
274 1111 316 1124 -
338 1075 506 1144 άπολέσθαι
524 1081 616 1142 Bell.
638 1088 668 1139 et
687 1081 773 1156 vulgo
792 1097 854 1149 cum
868 1079 899 1134 S.
931 1072 1115 1140 ἀπολέεσθαι
1128 1073 1192 1132 Gsl'.
1212 1089 1276 1132 cum

145 1167 177 1224 Ρ.
199 1166 238 1224 K.
261 1165 296 1222 F.
322 1167 414 1226 Paris.
462 1165 541 1224 Vlll.
572 1172 607 1224 54
637 1157 799 1247 ἀπέπεμψε
825 1161 974 1224 ἱππέας·
996 1157 1174 1242 ἀγγελέοντα
1200 1173 1277 1216 uuus
1349 1187 1352 1194 ·

146 1251 225 1309 reste
247 1247 322 1322 vulg.
341 1269 404 1306 curu
426 1250 458 1306 S.
480 1251 514 1311 F.
548 1240 738 1328 άγμελλέοντα
759 1248 826 1307 edd.
850 1253 919 1306 vett.
961 1245 1010 1304 Ill.
1031 1234 1277 1306 modoaldum

148 1367 189 1378 «-
212 1332 436 1411 συμβαλέεσθαι
463 1352 539 1390 nunc
567 1332 642 1408 rjulg.
671 1352 734 1392 cum
763 1331 853 1390 Puris.
894 1333 1112 1410 subdulcium
1134 1327 1216 1386 Eust.
1238 1324 1277 1383 sd

114 1445 117 1450 ·
148 1417 236 1474 Hom.
255 1414 287 1476 Il.
311 1437 341 1493 p.
363 1419 424 1476 741.
461 1417 666 1497 συμβαλέσθαι
687 1418 724 1476 F.
757 1413 999 1497 συμβαλλέεσθαι
1017 1414 1082 1473 Αλθ.
1098 1410 1221 1472 Wessel.
1236 1407 1276 1474 αλ.

150 1531 192 1544 -
216 1498 262 1556 VI.
284 1503 320 1558 68
338 1495 585 1580 συμβαλλόμενος
604 1501 696 1571 Belli.
720 1501 755 1563 sl.
778 1509 857 1559 rote
877 1520 940 1560 τιεευ
961 1501 992 1556 S.
1010 1499 1048 1558 V.
1069 1497 1106 1556 F.
1126 1495 1276 1575 (σνμβειλ-
1388 1505 1389 1508 ’

147 1578 232 1662 ledit.
251 1583 317 1648 Gss.
339 1584 389 1657 al.)
415 1615 450 1628 -·
474 1591 508 1646 65
531 1580 773 1664 συμβαλλόμενος
787 1585 881 1646 Bekk.
894 1585 925 1642 S.
941 1584 977 1645 V.
1010 1575 1175 1664 συμβαλόμ.
1197 1579 1234 1638 F.
1248 1597 1276 1640 ιι.
1345 1582 1347 1584 ’
1421 1587 1425 1590 ’

146 1662 357 1748 (συμβαλλεόμ.
381 1669 445 1727 Gal.
468 1668 520 1746 sl.)
564 1670 628 1732 Vll.
648 1675 684 1730 24
702 1663 946 1748 συμβαλλόμενος
961 1668 1055 1728 Bell.
1079 1669 1111 1730 S.
1125 1666 1163 1723 V.
1186 1663 1276 1740 (συμ-

7 1826 17 1840 .
144 1748 282 1833 βαλλιόμ.
305 1753 371 1812 Gsl.
392 1750 445 1826 sl.)
478 1787 522 1800 -
558 1759 611 1814 184
637 1750 880 1834 συμβαλλόμενος
899 1752 995 1814 Bekk.
1017 1753 1056 1816 S.
1074 1751 1106 1808 V.
1130 1749 1163 1808 P.
1184 1747 1222 1808 Κ.
1241 1745 1276 1808 F.

145 1831 358 1916 (συμβαλλεόμ.
377 1837 443 1902 Gsl.
460 1838 510 1916 sl.)
530 1871 574 1884 -
595 1841 646 1896 187
667 1830 909 1915 συμβαλλόμενος
926 1837 1018 1894 Belrk.
1028 1837 1061 1893 S.
1078 1835 1115 1893 V.
1134 1833 1169 1895 F.
1188 1831 1277 1912 (συμ-

146 1916 281 2000 βιειιόμ.
304 1920 369 1978 uss.
387 1919 439 1996 al.)
467 1953 511 1964 -
541 1925 593 1983 189
612 1915 849 1998 συμβαλλόμενοι
870 1919 964 1978 uest.
988 1919 1025 1980 ν.
1053 1912 1087 1981 ιλ
1108 1910 1288 1999 causostis

147 2027 241 2080 μενον
255 2005 288 2064 S.
310 1998 521 2082 (συμβαλλεόμ.
544 2004 609 2066 Gsl.
623 2003 676 2082 αλ.)
715 2004 793 2072 Vlll.
812 2009 848 2064 30
864 1996 1108 2084 συμβαλλόμενος
1128 2003 1222 2066 uest.
1242 2002 1275 2066 S.

147 2089 185 2147 V.
205 2086 241 2146 F.
274 2083 487 2168 (συμβαλλεόμ.
510 2087 575 2146 Gsf.
590 2087 640 2164 al.)
684 2088 724 2146 Et
752 2089 950 2166 pro-vulgato
978 2084 1176 2170 λσβάλλοντσς
1196 2085 1277 2146 vlu.

147 2177 182 2231 28
201 2171 334 2246 praebuit
347 2171 411 2231 cod,
424 2173 456 2232 S.
478 2173 575 2251 inepte
595 2171 807 2255 λσβαλέονταςς
829 2175 872 2234 cui
894 2173 984 2232 simile
1005 2173 1102 2234 vitium
1121 2178 1165 2232 est
1185 2164 1277 2251 άπερ·

147 2253 296 2334 θορέαντα
315 2253 366 2312 VI.
387 2260 440 2316 181
459 2256 508 2333 (cf.
532 2259 638 2318 Buttm.
659 2257 692 2327 ll,
715 2277 744 2335 p.
755 2258 821 2335 200)
841 2259 877 2316 ab
897 2257 1003 2316 ¹rodem
1025 2260 1089 2316 cod.
1105 2259 1138 2316 S.
1161 2256 1277 2334 praebi·
1328 2323 1332 2331 ¹

147 2347 207 2398 tum
230 2358 283 2416 pro
305 2355 373 2395 vero
390 2333 615 2419 ὑπερθορόντα,
640 2343 718 2418 quod
740 2341 1011 2402 ostentantium.
1034 2341 1069 2402 Ρ.
1082 2342 1122 2403 Κ.
1144 2341 1180 2397 V.
1201 2359 1229 2402 ιι.
1249 2359 1276 2398 τ.

147 2424 199 2499 (cl.
232 2428 263 2480 et
290 2423 431 2480 villosum*
451 2423 597 2503 χανόονεα
624 2426 701 2500 apud
721 2425 811 2502 Hipp.
834 2427 870 2482 de
892 2425 998 2486 Artius.
1019 2425 1073 2499 vl,
1096 2445 1125 2501 ρ.
1147 2428 1198 2484 796
1222 2441 1276 2500 pro

147 2525 216 2564 vero
238 2500 383 2585 χαυόντο,
406 2512 436 2564 et
451 2508 579 2571 πλέουσα
599 2509 677 2584 apud
698 2511 819 2566 eundem
841 2507 890 2582 lll,
907 2529 936 2585 p.
950 2513 1004 2568 648
1022 2525 1076 2585 pro
1098 2527 1167 2566 uero
1185 2510 1278 2569 πιοά·

149 2595 200 2666 σα)
215 2592 275 2652 -ted
297 2591 381 2648 codd.
405 2591 438 2650 F.
462 2592 490 2654 b.
513 2591 651 2650 exhibent
667 2584 906 2670 όπερθορυλντα,
937 2597 968 2648 ut
989 2591 1073 2652 codd.
1095 2591 1124 2652 d.
1149 2609 1175 2648 ε.
1197 2589 1219 2646 1.
1240 2595 1278 2650 80
1317 2621 1318 2624 “

150 2672 362 2750 ἀποθορόντες
382 2695 436 2753 pro
456 2696 526 2734 vero
546 2667 757 2754 άποθορόντες
783 2675 835 2751 (of,
854 2681 885 2733 ot
897 2674 964 2733 Κατ.
980 2673 1078 2732 Leott.
1096 2673 1132 2732 sd
1151 2671 1199 2732 Vl.
1216 2677 1277 2736 134.

96 2751 102 2758 ’
149 2759 203 2818 lx.
224 2763 289 2834 118)
309 2778 383 2840 (μεμε
406 2760 488 2834 vitis,
511 2780 573 2818 cum
593 2760 702 2818 vitioso
721 2753 926 2838 ἐπισπόμενος
944 2757 967 2820 Ι.
983 2763 1018 2818 98
1039 2777 1093 2836 pro
1116 2749 1278 2834 ἐπισπόμε-

148 2865 203 2915 νος
221 2844 340 2922 sliisque
360 2843 498 2903 similibus
520 2851 695 2922 comparatu,
714 2851 836 2924 possunt
857 2845 971 2920 quidem
992 2843 1086 2902 videri.
1104 2843 1141 2900 ad
1154 2839 1278 2902 Doricos

148 2928 256 2986 formos
277 2932 427 3006 μογιιάμες
449 2931 517 3006 (pro
541 2927 794 3007 μεγάρων-Λεία.
814 2927 937 3004 Lysistr.
961 2929 1027 3005 196)
1048 2930 1278 3008 λυχνοφοριιῖν·

147 3029 199 3082 τες
220 3031 273 3089 pro
302 3015 556 3091 λυχνοφορίοντες
578 3013 680 3090 (Arist.
707 3012 830 3090 Lysistr.
859 3013 942 3088 1001)
973 3011 1100 3090 aliasque
1128 3013 1158 3068 id
1185 3031 1277 3088 genus

146 3097 264 3172 propius
283 3096 475 3176 oberdorff),
496 3099 549 3156 sod
570 3099 701 3174 equidem
720 3097 787 3158 nibil
807 3098 861 3156 uisi
873 3097 1053 3158 librariorum
1066 3115 1194 3156 εετοεειυ
1208 3097 1278 3156 sub-

146 3179 235 3238 fuisse
255 3186 337 3256 puto,
358 3201 392 3240 er
409 3202 467 3258 quo
488 3183 652 3260 simpliciter
671 3182 786 3260 longam
806 3183 935 3240 vocalem
955 3203 1009 3260 pro
1031 3183 1111 3242 brevi
1130 3181 1205 3240 fslso
1222 3199 1277 3258 po·

143 3265 264 3322 suerint.
284 3265 321 3324 el.
336 3285 423 3342 supro
436 3287 465 3342 p.
481 3271 525 3344 λλ.
547 3301 589 3312 --
612 3267 670 3325 lllis
690 3269 833 3344 perversis
851 3267 937 3342 igitur
957 3267 1058 3324 formis
1078 3284 1131 3340 per
1143 3267 1186 3329 io
1206 3265 1278 3324 scri-

148 3346 218 3420 ptis,
242 3363 314 3418 quae
339 3367 375 3404 ue
396 3367 460 3405 eum
483 3349 622 3427 βαρυνέα
642 3353 755 3425 quidem
770 3359 820 3408 sut
841 3347 974 3425 μελανέω
995 3347 1177 3424 αἱαιλλλλιιιεεε,
1195 3355 1278 3408 aute·

146 3426 332 3502 penultimam
354 3437 512 3506 correptam
533 3433 717 3506 habentibus,
740 3433 896 3510 comparari
919 3437 1041 3506 possunt
1061 3431 1111 3506 (cf.
1131 3431 1278 3490 Meiueck.

149 3510 189 3566 ud
212 3507 358 3568 Theocrit.
382 3513 421 3584 ll,
434 3517 460 3573 8.
493 3516 529 3570 ad
551 3515 661 3572 Mosch.
680 3514 890 3588 ll,11ru)hou‹i
913 3531 987 3588 opus
1008 3531 1074 3570 esse
1096 3519 1166 3590 puto
1184 3531 1279 3592 paens

148 3595 296 3652 innumera
325 3594 454 3652 omuibus
480 3597 509 3653 iu
531 3597 610 3654 libris
631 3604 709 3654 recte
735 3598 841 3673 scriptu
858 3595 986 3674 exempla
1007 3595 1086 3654 verbi
1109 3590 1229 3678 βάλλειν
1249 3603 1280 3657 et

150 3677 371 3753 compositorum
394 3672 593 3755 άποβάλλειν.
617 3673 787 3759 διαβάλλειν
808 3687 861 3738 etc·
884 3687 940 3743 etc.
969 3679 1212 3761 συμβαλλόμενος
1227 3682 1279 3744 IV.

149 3766 184 3820 λθ
205 3777 304 3820 omues
326 3760 407 3837 (item
430 3763 512 3840 Orig.
535 3772 588 3824 etr.
613 3765 690 3824 Cels.
710 3763 768 3844 Ill,
787 3763 853 3840 126)
875 3763 1140 3846 συμβαλλομένους
1159 3767 1223 3833 Vll.
1242 3773 1279 3829 λθ

147 3842 199 3920 (cl.
223 3843 381 3920 Solrweiglu
405 3847 459 3910 lex.
481 3849 592 3908 Herod.
614 3869 639 3910 s.
661 3851 720 3926 vv.)
748 3851 855 3927 opponi
878 3853 914 3908 sd
936 3851 1105 3911 seutentiam
1124 3871 1219 3912 mesor
1240 3853 1278 3910 de

147 3928 422 4003 objiciendorum
443 3929 702 4012 συμβαλλεόμενος
722 3933 932 4011 stabiliendam,
955 3955 1042 4014 quum
1064 3956 1149 3996 verse
1169 3938 1278 3996 somne

147 4005 409 4096 μυμβαλλόμενος,
430 4009 672 4097 ὑπερβαλέσθαι,
696 4013 891 4100 ἐσβάλλοντας
913 4025 968 4078 ete.
989 4018 1136 4098 dlrsrpsrs
1156 4040 1186 4079 ιιι
1207 4019 1277 4080 locis

147 4153 355 4164 ..-....---.--

216 4225 249 4292 *)
273 4225 378 4288 Quibus
395 4227 462 4281 udde
480 4229 580 4286 Herod.
597 4231 620 4284 1.
638 4229 689 4298 68,
713 4232 760 4285 obt
778 4233 854 4290 codd.
872 4205 905 4288 b.
919 4232 945 4287 d.
965 4253 988 4288 ε.
1012 4233 1080 4288 falso
1097 4223 1278 4296 dsdtdoddrroe

146 4293 325 4359 praebuerunt
342 4313 398 4366 pro.
408 4291 584 4368 έιιθιθόντυς,
601 4307 628 4354 st
645 4317 768 4371 comparo
788 4303 909 4364 Doricum
925 4301 1016 4355 διδοῖν
1031 4303 1172 4372 Τλιεορείλ.
1189 4307 1233 4378 29,
1250 4307 1276 4364 9·

144 4361 235 4419 Hom.
255 4363 383 4432 opuscul.
402 4367 424 4434 l,
445 4385 473 4438 ρ.
492 4369 554 4422 241.
576 4399 610 4414 -
636 4369 704 4423 Vide
721 4381 750 4424 οι
765 4371 856 4428 Sebol.
875 4372 906 4426 ll.
923 4367 952 4422 d
970 4371 1032 4428 827.
